3134 4959
341 420 408 486 564
702 434 861 483 runenrr
888 432 1077 483 runronrs

343 578 552 645 abscondens
563 583 599 643 et
607 580 776 642 retentam
787 597 860 643 sese
869 576 1050 652 tacitnsf¹⁰
1063 595 1139 641 num
1151 572 1249 639 domn
1261 592 1324 639 sua
1333 578 1446 649 totus,

343 690 381 747 ut
396 682 601 758 comedatur,
616 679 773 744 aufertur.

384 783 438 848 63.
461 781 616 847 Effietio⁸
636 788 727 860 est,¹¹
754 800 831 847 cum
854 781 1055 865 exprimitur
1080 786 1114 844 et
1137 777 1300 861 effingitur
1326 778 1447 843 verbis

299 914 302 918 ·
342 886 492 969 eorporis
510 884 700 969 cujuspiam
723 884 844 963 ferma,
865 884 992 969 qu0d¹²
1015 884 1100 948 satie
1122 883 1166 947 eit
1187 881 1230 946 nd
1252 880 1449 964 intelligen-

342 988 434 1064 dum,
450 987 515 1051 bec
528 984 649 1050 medo:
672 984 778 1051 Hunc
793 986 883 1062 dico,
902 982 1050 1069 judices,
1064 986 1212 1059 rubrum,
1228 984 1378 1061 brevem,
1392 984 1446 1047 iu-

341 1111 490 1165 curvnm,
505 1108 635 1167 canum,
651 1089 891 1173 subbatismum,
915 1088 1067 1163 uaeeium,
1086 1089 1140 1153 cui
1155 1107 1236 1153 saue
1251 1106 1378 1169 magna
1393 1094 1448 1151 eet

341 1195 377 1259 in
389 1202 499 1258 mento
510 1200 534 1240 ¹³
557 1192 699 1257 cicatrix
711 1212 721 1271 ;
745 1191 776 1255 ai
790 1210 856 1275 quo
870 1189 972 1256 modo
988 1196 1100 1275 potest
1115 1191 1212 1254 vobis
1225 1197 1251 1237 ¹⁴
1264 1190 1298 1253 in
1312 1208 1449 1253 memo-

340 1296 424 1361 riam
447 1295 588 1359 redire.¹⁵
632 1293 751 1359 Habet
764 1293 838 1359 baee
861 1294 1036 1358 exornatio
1057 1312 1133 1358 cum
1145 1290 1172 1332 ¹⁶
1197 1292 1392 1365 utilitatem,
1414 1287 1447 1355 si

341 1416 442 1481 quern
458 1397 546 1461 velis
569 1395 852 1470 demonstrare3¹⁷
875 1402 946 1460 tnnr
971 1390 1217 1471 venustatem,¹⁸
1241 1392 1271 1457 si
1296 1394 1446 1458 breviter

342 1503 379 1563 et
392 1499 539 1563 dilucide
554 1498 644 1563 facta
658 1505 752 1562 est.¹⁹
798 1514 830 1560 ι..
854 1494 1024 1563 Notatin¹¹
1046 1508 1112 1575 est,
1128 1516 1204 1561 cum
1222 1496 1365 1579 alicujus
1381 1515 1445 1559 na-

343 1608 416 1667 tura
431 1603 530 1666 certis
545 1600 746 1665 describitur
757 1606 787 1636 ²⁰
809 1600 924 1682 siguis,
947 1618 1034 1683 quae,
1049 1598 1148 1663 sicuti
1164 1606 1255 1662 notae
1269 1596 1445 1681 quaedam,

340 1711 490 1771 naturae¹
504 1711 581 1770 eunt
595 1704 764 1769 attributa.
804 1702 853 1767 Ut
867 1703 898 1767 si
912 1701 997 1767 velie
1012 1720 1078 1766 non
1091 1700 1239 1777 divitem,
1255 1698 1314 1765 sed
1326 1708 1445 1766 osten·

373 1852 386 1886 θ
400 1852 469 1917 Saepe
479 1854 540 1902 aleae
549 1852 613 1902 darei
622 1868 649 1903 ee
657 1852 762 1903 mtieet
771 1854 850 1904 inetur
862 1852 961 1902 lineata

342 2032 367 2085 1.
383 2037 562 2089 mtrem-ra
578 2040 586 2067 ‘
596 2038 748 2093 ramnum
756 2044 861 2089 retentat
871 2053 920 2090 reae
929 2037 1030 2102 udin]
1048 2038 1129 2086 Deert
1145 2034 1312 2100 perticipium
1326 2036 1403 2087 [aeid.
1419 2042 1445 2087 1.

341 2105 463 2152 reteetm
477 2104 552 2154 Vnae.
564 2108 589 2153 ³.
618 2110 644 2154 et
658 2110 780 2155 retenteee
798 2104 872 2154 Vera.
882 2108 908 2154 2.
928 2103 1003 2154 Laid.
1014 2108 1038 2153 a.
1049 2102 1092 2151 ed.
1103 2100 1175 2151 Med.
1205 2102 1278 2151 terite
1289 2100 1364 2150 Vnee.
1378 2106 1402 2153 l.
1416 2106 1444 2151 ³.

342 2166 417 2215 Leid.
427 2172 452 2217 2.
461 2171 488 2217 8.
505 2168 547 2218 ed.
567 2168 648 2217 Meu:
668 2170 731 2219 Oed.
764 2168 788 2219 A
802 2170 854 2233 Βψ
871 2179 900 2218 et
915 2169 957 2219 ed·
972 2172 1043 2219 lm
1061 2182 1120 2217 enm
1132 2166 1237 2216 Scbnta.
1250 2173 1277 2214 et
1288 2167 1397 2216 Weteel.
1416 2172 1443 2217 et

341 2237 476 2282 retentans:
493 2231 690 2285 Erdetbiedie.
707 2236 893 2285 retentaereine
902 2234 1004 2297 copule.
1037 2231 1195 2287 Fremitus,
1208 2231 1442 2288 relabamur

342 2298 409 2347 Lell.
417 2298 500 2348 tacite.
528 2300 604 2363 ang.
614 2299 676 2349 edua·
686 2304 790 2350 retentat
801 2314 851 2350 eeu
861 2300 964 2358 teritur,⁸
973 2308 1000 2347 et
1010 2298 1047 2345 ric
1060 2297 1144 2348 Orell.
1155 2296 1199 2359 qui
1209 2297 1348 2347 edereedere
1365 2300 1444 2347 uncie

339 2363 453 2413 inclusit.
465 2364 531 2413 anu
542 2364 550 2392 ‘
560 2366 613 2421 Quo
622 2366 657 2415 eit
667 2370 734 2414 tetur
743 2366 875 2415 comeditur
884 2380 937 2415 eurr
947 2368 1014 2413 deero
1024 2378 1067 2411 rua
1078 2368 1102 2413 et
1112 2360 1231 2424 aufertur]
1242 2362 1317 2411 Vnae.
1325 2366 1348 2411 1.
1358 2364 1384 2409 ⁸.
1395 2360 1446 2411 ed.

344 2428 450 2478 Omnib.
466 2444 519 2478 rura
534 2430 601 2478 dm
611 2434 674 2479 tatue
685 2436 712 2479 ut
723 2432 867 2492 maedam,
883 2430 934 2490 auf.
968 2429 1044 2478 Vena.
1054 2432 1080 2476 i.
1095 2428 1224 2477 eaedem
1235 2430 1297 2475 tetur
1307 2426 1444 2475 counitae

340 2499 365 2543 et
375 2494 427 2551 ruf.
462 2493 537 2543 Leid.
546 2498 568 2542 l.
577 2498 602 2543 4.
618 2496 730 2557 quamde
740 2497 773 2543 ee't
786 2500 852 2544 tutue
861 2496 992 2544 comeditur
1001 2500 1024 2543 et
1034 2490 1085 2553 auf.
1111 2490 1184 2541 Laid.
1193 2495 1218 2539 2.
1234 2506 1285 2539 ruer
1295 2492 1362 2539 deero
1372 2496 1445 2541 tudere

340 2558 673 2621 utwnedatumeferntur:
692 2559 764 2607 laeid.
779 2562 805 2608 Ι.
820 2561 887 2609 dem
907 2574 950 2608 eun
968 2564 1031 2607 totae
1049 2556 1169 2619 aufenur,
1186 2559 1214 2603 ut
1229 2556 1377 2605 comedatur:
1394 2557 1444 2605 erl.

341 2622 413 2671 Med.
429 2628 494 2671 tetur
504 2638 558 2672 eun
568 2624 635 2672 duero
644 2622 754 2681 aufertur
763 2629 788 2672 et
798 2622 935 2673 comeditur·
969 2624 1059 2673 Placet
1072 2622 1147 2671 Vere.
1159 2621 1246 2683 primi.
1257 2630 1284 2669 ar
1296 2620 1441 2671 Omnibeni

342 2686 438 2737 lectio:
452 2689 517 2737 Oud.
539 2687 571 2738 ln
583 2684 638 2736 Eri.
655 2688 766 2749 querende
775 2687 808 2735 eit
819 2692 895 2738 reru.
910 2685 933 2736 A
944 2702 996 2736 cunr
1005 2690 1073 2737 άοπω
1084 2692 1156 2746 tetur,
1166 2691 1193 2735 ut
1203 2686 1348 2747 comedetur,
1357 2686 1444 2747 eufa-

340 2758 395 2803 lur:
407 2752 431 2801 R
442 2768 487 2816 que
497 2752 532 2801 eit
542 2758 677 2815 tetram
686 2756 754 2799 dm
764 2751 800 2799 rie
813 2755 875 2801 tetur
886 2757 913 2800 ut
923 2754 1037 2801 enudetur
1044 2752 1167 2810 errfertur:
1180 2750 1246 2801 Lall.
1262 2766 1306 2815 per
1316 2751 1349 2800 eit
1360 2757 1443 2809 tulere.

340 2818 466 2866 cundem
477 2822 575 2865 totueut
586 2816 729 2877 manetur,
738 2813 863 2874 aufertur.-
878 2816 962 2866 Orell.
972 2832 1016 2880 qur
1026 2816 1058 2867 rit
1070 2822 1145 2873 tutue,
1153 2832 1207 2865 aura
1218 2818 1284 2866 dana
1297 2831 1350 2876 eur,
1360 2822 1388 2866 ul
1398 2832 1443 2865 ee·

340 2882 457 2935 uredetur,
468 2881 589 2940 aufertur:
607 2880 656 2929 Ed.
668 2883 740 2929 lare.
756 2879 862 2930 Schute.
874 2890 902 2930 at
914 2881 1022 2931 Weteel.
1038 2884 1166 2931 eumdum
1181 2896 1223 2931 eua
1239 2887 1309 2937 tetur,
1319 2886 1348 2930 ut
1360 2896 1442 2930 wne·

340 2947 422 3007 Mur,
436 2944 562 3004 refertur:
576 2946 647 3006 vulg.
662 2960 708 3008 que
718 2944 751 2993 n't
763 2950 838 3001 tutus.
850 2946 1042 2997 eruditurum
1054 2948 1120 2995 deren
1136 2960 1180 2995 auu
1190 2951 1214 2995 et
1224 2945 1340 3006 aufertur.
1376 2945 1441 2995 vlu.

341 3010 420 3061 Nott.
434 3010 572 3058 vern-n
591 3011 669 3058 Vere.
683 3014 705 3059 Ι.
720 3009 794 3059 Laid.
807 3012 831 3059 t·
847 3008 954 3075 Affectio
964 3018 1015 3061 eet:
1028 3011 1049 3060 A
1062 3014 1088 3073 ψ,
1101 3009 1158 3061 Erf.
1168 3019 1279 3073 quatuor
1291 3010 1355 3059 Mer.
1365 3008 1440 3061 Ond.

342 3083 370 3123 et
382 3074 424 3123 ed.
435 3074 541 3123 Ornnib.
557 3072 661 3137 Efficite
671 3078 715 3123 eet.
750 3073 1014 3139 DeinAerprernitur.
1040 3076 1304 3126 Praeteree'l'ur.dun
1316 3074 1382 3124 Mer.
1393 3091 1439 3137 ep.

341 3138 429 3189 Grrer.
447 3146 475 3188 et
494 3152 582 3188 nnrnee
601 3138 667 3188 Men.
686 3154 728 3202 ep.
746 3139 817 3188 Ond.
832 3155 890 3189 eum
907 3140 948 3191 ed.
965 3139 1038 3191 Med.
1053 3150 1081 3188 et
1093 3140 1176 3189 Orell.
1190 3126 1284 3203 etqbee
1323 3139 1440 3200 «ἰὴν.-
1551 3122 1552 3129 ¹

342 3208 373 3253 12
390 3203 413 3254 A
426 3203 452 3254 Ο
463 3204 496 3264 R,
511 3201 567 3253 Eri.
583 3204 646 3253 Tur.
664 3218 752 3253 omnen
767 3204 833 3254 Mae.
849 3204 918 3255 Oud.
935 3213 962 3254 et
979 3202 1038 3253 edd.
1055 3219 1095 3267 pr.
1112 3205 1260 3268 quum—lt
1318 3208 1439 3253 nuta-

342 3272 374 3319 ld
392 3268 413 3318 A
427 3268 507 3319 nobie.-
523 3267 548 3318 G
558 3269 707 3319 nertin—ld
724 3269 906 3331 pereira-ld
919 3270 941 3319 A
954 3269 978 3320 G
992 3270 1024 3331 R,
1035 3267 1092 3319 urs.
1100 3278 1128 3318 et
1138 3270 1243 3320 Schutr.
1253 3272 1374 3319 tura—1⁷
1389 3268 1438 3319 ‘Su'

340 3347 408 3396 quern
417 3334 476 3383 aeliu
484 3334 654 3397 dmenrm]
670 3335 705 3383 Et
716 3336 754 3381 eie
765 3334 833 3381 Mer.
844 3348 931 3384 annau
943 3349 1002 3384 cum
1017 3334 1059 3384 ed.
1078 3333 1151 3384 Med.
1163 3334 1185 3382 ei
1196 3335 1312 3395 excipiar
1322 3332 1399 3382 Vere.
1410 3338 1439 3383 3.

340 3400 489 3511 einr
500 3400 584 3512 nn
599 3397 836 3513 nentur
852 3396 1151 3516 urrunnu
1168 3398 1438 3515 eernere

340 3527 688 3644 habfflhdboeiluiebset
698 3592 772 3643 Laid.
781 3597 806 3646 ⁴.
817 3592 1013 3656 deeimarum-1
1031 3591 1087 3645 Eri.
1102 3592 1174 3643 eieuti
1185 3598 1256 3651 erla,
1272 3608 1324 3657 quoe
1333 3598 1436 3643 καίετο.

837 3708 942 3761 Nom

373 3795 511 3861 ‘EfflctieJ
537 3794 772 3846 Clrereeterienrurn
792 3806 870 3849 reret
909 3812 959 3854 ree,
969 3804 997 3847 et
1009 3795 1078 3848 irate
1090 3796 1278 3861 reprimuntur.
1309 3796 1375 3846 Tele
1393 3804 1437 3845 eet

341 3869 466 3931 Rutilius,
474 3886 525 3936 qne
536 3879 565 3921 nt
577 3872 796 3935 pictorenlerlbue
804 3872 868 3937 tigu-
908 3874 981 3937 illud,
993 3874 1076 3939 lnquit
1088 3872 1182 3937 Aquile
1200 3873 1342 3935 Romanus,
1360 3872 1437 3921 Ciue-

340 3961 383 3997 rea
395 3948 527 4010 describit,
537 3949 574 3998 eie
585 3954 673 3999 oreter
686 3950 748 3999 vitia
761 3958 807 4000 unt
819 3952 868 3999 vir·
909 3952 977 3999 rente
990 3965 1036 4014 pro
1048 3952 1138 4002 Quint.
1154 3951 1168 4013 i
1180 3956 1221 4000 ⁵⁵.
1233 3948 1318 4001 ‘Quid
1336 3950 1369 3998 ed
1379 3950 1436 4001 hee

341 4030 411 4075 tuter
427 4040 524 4090 eorum,
536 4024 569 4076 da
584 4027 678 4091 quibua
690 4027 814 4092 loquitur,
824 4026 867 4076 de·
909 4028 1034 4080 Neruius?
1046 4027 1114 4079 ridet
1122 4027 1341 4077 ecllieetunetrenr
1349 4040 1437 4078 enirn·

340 4098 442 4151 formet.
909 4104 981 4160 tiam,
991 4104 1033 4167 qui
1045 4103 1071 4153 in
1083 4102 1135 4152 rita
1147 4117 1192 4152 eun
1203 4104 1329 4152 retinnenr
1341 4107 1436 4157 eunrrui

372 4174 385 4208 l
404 4175 515 4240 Notatie]
530 4178 615 4230 Onam
627 4178 784 4243 ethepoeirrn
796 4184 868 4229 reete
908 4176 1179 4241 offleiideeidereruue‚
1188 4187 1216 4228 et
1226 4178 1434 4231 inetltnlebnnn·

340 4250 447 4313 dixeris,
464 4268 522 4304 enm
533 4261 611 4303 certer
624 4268 741 4319 perrone
752 4254 868 4306 deterri·
908 4269 963 4305 runr
976 4256 1087 4305 rirannn
1099 4253 1276 4319 requiremnn,'
1287 4258 1337 4306 dre.

341 4325 529 4388 buiturnretio,
540 4346 591 4395 qrre
611 4330 669 4393 eju·
687 4328 802 4389 effectur,
815 4348 867 4383 arn·
