3134 4959
498 460 548 511 nn
570 460 761 525 naaroan,
779 464 812 511 r.
833 445 890 515 20.
1173 444 1243 517 85?

37 616 43 655 ἰ’
141 622 224 675 csse
247 604 397 673 dicendi:
426 605 527 691 idque
554 622 630 671 cum
657 606 859 689 argumentis
881 606 1054 686 docuerat,
1075 608 1168 692 quod
1188 608 1251 674 ita.

36 722 48 763 τ
138 710 218 777 nati
240 708 420 789 essemus,b
440 717 478 776 ut
491 716 526 774 et
536 706 690 788 blandiri,
705 716 739 777 et
753 711 949 808 suppliciter
961 712 1132 777 insinnare
1145 712 1201 792 iis,
1217 732 1241 780 a

43 855 48 867 ·
140 812 294 896 quibus⁴
315 820 407 879 esset
427 813 620 898 petendum,
640 819 674 878 et
696 812 909 879 adversarios
929 814 1102 881 minaciter
1121 820 1242 881 terrere

36 932 48 973 1.
141 931 338 997 possemus,
352 924 386 985 ct
407 934 477 983 rem
498 926 629 1000 gestam
649 936 829 1001 exponere,
844 924 879 984 et
891 917 938 995 id,
953 918 1043 1002 quod
1057 916 1243 984 intendere

35 1056 37 1075 ι
142 1034 236 1097 mus,
249 1019 454 1099 confirmare,
470 1026 505 1086 et
525 1020 572 1100 id,
587 1021 677 1105 quud
700 1028 815 1105 contra
836 1020 1012 1097 diceretur,
1032 1020 1191 1098 refellere,
1205 1026 1249 1088 et

40 1142 46 1181 z
143 1120 192 1185 ad
216 1128 421 1189 extromum⁵
447 1122 616 1208 deprecari
639 1126 777 1209 aliquid,
800 1132 834 1191 et
859 1125 1036 1207 conqueri3
1059 1125 1181 1208 quibus
1202 1125 1239 1189 iu

143 1220 246 1288 rebus
269 1226 377 1291 omnis
402 1235 569 1293 oratorum
587 1234 779 1293 versaretur
799 1226 968 1292 facultas:
992 1233 1027 1291 et
1047 1225 1137 1310 qoud
1159 1244 1241 1290 con·

34 1381 40 1389 .
145 1327 306 1407 suetudo,
315 1329 585 1415 exercitatioque,
597 1337 633 1395 et
648 1328 853 1413 intelligendi
867 1329 1076 1414 prudentiam
1091 1335 1241 1407 acueret,

34 1455 39 1495 t
145 1432 182 1493 et
202 1429 380 1514 eloquendi
394 1430 595 1497 celeritatem
608 1432 780 1497 incitaret:
807 1436 877 1496 tum
890 1432 992 1495 etiam
1008 1430 1242 1513 exemplorum
1325 1451 1328 1457 ·

33 1560 42 1602 t
145 1532 249 1615 copia
272 1532 448 1600 nitebatur.
490 1536 545 1601 91.
568 1534 660 1601 Nam
688 1536 840 1620 primum,
861 1534 959 1618 quasi
980 1531 1092 1598 dedita
1111 1540 1243 1616 opera,⁸

33 1666 42 1705 5
144 1636 309 1701 nemiuem
329 1638 522 1722 scriptorem
545 1639 628 1704 artis
645 1654 688 1703 ne
701 1637 913 1703 mediocriter
928 1634 1065 1720 quidem
1078 1634 1241 1699 disertum

36 1771 41 1792 ·
144 1734 248 1802 fuisse
270 1740 418 1816 dicebat,
433 1756 510 1805 cnm
531 1747 690 1825 repeteret
711 1757 818 1825 usqne
840 1760 862 1804 a
878 1738 1017 1815 Corace,
1031 1736 1147 1801 nescio
1161 1756 1242 1821 quo,

37 1906 40 1914 ,
146 1844 182 1905 ct
204 1838 326 1914 'lisia‘¹
349 1858 436 1926 quos
460 1844 542 1908 artis
563 1843 654 1907 illins
675 1844 865 1908 inventores
887 1848 922 1907 et
942 1841 1111 1926 principes
1131 1840 1243 1905 suisne

145 1948 336 2007 constaret:
368 1943 660 2027 eloquentissimos
686 1952 796 2010 autem
822 1944 982 2023 homiues,
1007 1944 1066 2028 qui
1088 1944 1158 2009 iata
1178 1961 1244 2007 nee

32 2082 38 2143 g
146 2044 356 2124 didicissent,
381 2066 444 2111 uec
473 2048 609 2113 omnino
634 2046 745 2115 scire⁶
775 2053 960 2121 curassent,
984 2045 1244 2113 innumerabiles

147 2148 311 2232 quosdam
333 2150 546 2219 nominabat:
568 2152 603 2217 iu
625 2152 749 2237 quibus
770 2152 883 2229 etiam,
902 2152 990 2231 (sive
1011 2149 1068 2213 ille
1090 2147 1243 2227 irridens,

33 2291 37 2329 :
145 2249 219 2317 sive
240 2251 331 2335 quod
351 2252 400 2318 ita
420 2258 561 2337 putaret,
577 2260 680 2338 atque
702 2256 753 2325 ita
775 2251 1022 2337 audisset,)me
1042 2250 1160 2318 inille
1181 2272 1244 2316 nu*

148 2538 231 2583 mess·
261 2534 314 2585 Sed
326 2534 416 2597 optimi
429 2532 502 2585 irrina
514 2536 572 2587 cod.
583 2538 660 2591 Jcan.
670 2538 750 2588 lectio
767 2540 840 2605 [qua
850 2536 927 2586 etism
940 2532 1185 2599 inprudentia]
1203 2546 1243 2581 ra·

148 2598 268 2662 eiplenda
280 2606 329 2659 est,
339 2605 366 2649 at
379 2601 516 2651 omnimedis
525 2603 674 2666 disputarem
691 2602 944 2668 [scommatum
963 2600 1101 2649 lectionem
1119 2600 1198 2647 etiam
1216 2599 1243 2647 lu

148 2678 195 2712 sao
213 2666 270 2713 cod.
289 2666 387 2729 reperit
405 2675 484 2727 atone
505 2668 652 2734 probantu]
670 2683 686 2717 a
701 2685 751 2732 qus
767 2683 820 2719 nou
837 2669 913 2729 longe
930 2665 1023 2715 absunt
1039 2663 1116 2715 codd.
1127 2664 1199 2725 trag.
1215 2670 1244 2713 et

149 2728 234 2779 noun.
248 2734 275 2778 at
285 2730 416 2781 mainode
430 2732 580 2795 enatares?
598 2736 639 2795 dc.
657 2735 751 2785 Pearc·
783 2734 816 2784 In
829 2733 884 2783 Erl.
894 2737 919 2783 2.
930 2739 1004 2781 estat
1014 2734 1042 2779 st
1052 2728 1245 2779 amttmnera

148 2794 336 2857 inponere-a
353 2796 407 2845 Erl.
418 2801 443 2846 2.
458 2802 501 2847 st.
511 2829 518 2845 ·
528 2806 566 2849 αι
580 2798 701 2849 noratur
716 2800 840 2849 iasiasars
855 2798 902 2859 aa,
915 2799 956 2861 &a
988 2793 1077 2847 Gaalt.
1091 2797 1116 2843 2.
1127 2798 1150 2842 Β.
1166 2794 1245 2849 Rom·

149 2858 216 2908 Καὶ).
225 2859 364 2910 Οιιιηίὺ.οι
373 2860 473 2911 olivet.
490 2867 518 2911 st
528 2870 553 2912 st
563 2862 669 2914 dlusds'ri
678 2866 815 2929 suppliciter
822 2863 870 2924 tn,
877 2880 893 2912 a
934 2861 996 2925 idas,
1003 2860 1098 2909 omisso
1108 2859 1245 2919 istriam,-

150 2922 237 2973 Gself.
250 2928 273 2977 1.
285 2926 338 2975 Eri.
349 2930 373 2974 1.
390 2932 417 2975 at
437 2932 460 2976 et
480 2926 583 2977 thadiri
598 2936 622 2979 et
641 2929 761 2981 atnttter
778 2929 876 2993 quidus:
921 2941 981 2976 suu.
992 2926 1027 2987 U,
1042 2926 1068 2975 id
1079 2938 1244 2985 wop...

149 2988 274 3040 sabtiliter.
308 2990 426 3041 ΟΜΖ
438 2990 509 3041 delet
520 2995 552 3043 iis
563 3010 585 3043 o.
618 2994 705 3044 Oxou.
721 2996 735 3043 l
751 2996 831 3045 habet
843 2995 881 3044 lis
890 2998 962 3042 m-5
980 2990 1067 3041 Onon.
1083 2988 1120 3051 U,
1137 2988 1244 3049 resilere

149 3054 180 3102 sd
188 3058 327 3104 ostream.
360 3056 446 3106 Panlo
457 3064 524 3120 post,
533 3056 618 3109 Oxou.
628 3062 654 3121 β,
660 3058 803 3119 secuturas
813 3062 915 3108 merea
948 3054 1025 3112 Delu,
1036 3055 1122 3106 Oxou.
1130 3053 1245 3116 Ufstqsr

149 3119 300 3181 donantium
311 3120 608 3189 centaurorumque
624 3130 683 3181 tura,
700 3129 790 3186 lfa—6
808 3123 861 3173 art.
872 3126 927 3172 Μ.
944 3116 1035 3172 Gueli.
1046 3124 1070 3170 l.
1089 3117 1164 3170 dunt.
1182 3118 1244 3167 did.

151 3182 226 3234 Grut.
234 3184 338 3235 Schnts.
345 3186 419 3235 scitas
424 3202 435 3247 ,·
447 3186 513 3236 Bod.
523 3187 598 3237 Nori.
606 3186 682 3240 Rom.
690 3188 759 3239 Kob.
768 3188 841 3253 Lipr.
851 3187 941 3237 Lamo·
952 3185 1021 3236 Vsu.
1030 3182 1140 3234 Medici·
1147 3184 1244 3235 Pesrc.

641 3340 748 3394 NOTAE

180 3434 193 3471 l
209 3436 279 3493 Quod
288 3436 325 3489 itu
335 3436 388 3489 asti
394 3438 508 3505 mersas]
524 3436 584 3493 Hoc
594 3441 675 3493 cnar-
715 3440 794 3492 etism
805 3437 981 3501 animuum
994 3442 1092 3487 nsmut
1103 3434 1166 3485 silos
1177 3448 1245 3499 pra·

151 3515 232 3567 uada
254 3524 434 3581 argumentum
454 3518 549 3583 probat
570 3518 674 3585 quidem
716 3525 824 3579 teresrn,
844 3516 966 3581 Gorgias,
988 3515 1128 3575 isocrates,
1149 3513 1245 3563 Prota·

150 3592 256 3659 aliquam
264 3606 321 3643 assa
330 3595 475 3645 naturalem
484 3596 657 3660 eloquentiam
666 3612 675 3658 ς
715 3608 801 3659 goras,
811 3592 1014 3657 Theophrastus,
1024 3588 1180 3655 eloquentia
1190 3602 1244 3639 rna·

151 3669 675 3736 asuouerersttaninetden.eujnspra·
715 3670 895 3735 garrierunt
905 3666 991 3719 tuero.

150 3746 233 3810 ceptis
253 3746 387 3808 perficitur
406 3748 444 3797 sis
466 3746 639 3813 persuadendi
660 3762 676 3799 a
746 3748 793 3799 ‘A
806 3750 939 3810 corana.
949 3762 972 3811 q.
981 3751 1004 3795 st
1017 3743 1097 3809 lisia]
1109 3742 1181 3794 Artis
1188 3744 1244 3793 rite·

152 3828 242 3872 natura
253 3822 337 3874 insita.
715 3824 806 3875 toricss
827 3825 987 3889 ‘scriptores
1001 3821 1173 3885 antiquissimi
1192 3820 1245 3871 Cu·

181 3904 194 3932 ⁰
210 3898 374 3954 Qaurideditu
382 3898 583 3966 operu1Dicebst
594 3898 672 3953 Char·
715 3914 762 3952 rsx
774 3910 802 3954 et
812 3902 898 3953 'lisias
910 3900 964 3966 rjus
981 3897 1133 3963 discipulus,
1146 3896 1252 3961 Siculi}

151 3973 236 4025 rnadss
246 3976 373 4027 neminem
392 3978 545 4041 scriptorem
562 3978 624 4029 artis
635 3976 675 4029 fa·
714 3990 778 4045 onos
791 3979 921 4029 insecutus
930 3984 971 4026 est
978 3976 1019 4025 sir
1026 3974 1143 4039 eiusdem
1152 3974 1244 4025 insula

151 4050 198 4101 isse
206 4050 341 4115 disertum,
351 4054 424 4116 quast
436 4067 524 4103 omues
533 4055 675 4117 scriptores
716 4058 827 4121 Gorgias
850 4056 998 4110 nantinus.
1020 4052 1187 4116 Empedoclis
1212 4056 1244 4102 nt

153 4127 214 4177 artis
231 4126 381 4191 collegisset
400 4128 433 4178 da
450 4129 586 4187 industris,
605 4137 634 4181 nt
648 4130 675 4181 id
715 4132 828 4183 traditur
844 4126 1007 4195 discipulus?
1040 4127 1150 4179 Quintil.
1161 4140 1207 4179 rtr-
1219 4132 1244 4177 1.

153 4204 291 4269 probaret:
314 4206 355 4253 ret
378 4206 507 4256 sententia
532 4214 580 4266 est,
602 4208 676 4275 quari
715 4208 799 4260 Corax
819 4208 944 4260 Hieronis
961 4206 1067 4270 tyranni
1084 4204 1182 4256 amiras
1195 4202 1243 4254 tle⁴

152 4282 199 4346 ipsi
221 4282 362 4344 scriptores
385 4280 448 4332 artis
474 4290 548 4334 certo
569 4286 676 4336 consitio
715 4287 887 4353 rnitOtysup.
908 4296 1008 4335 uxxrr.
1026 4281 1101 4331 suuis
1110 4280 1245 4333 astaGnr·

153 4358 241 4412 diserti
258 4358 480 4413 ersenoluissaut.
511 4360 623 4413 Errabat
633 4362 676 4416 nic
714 4366 773 4417 475.
804 4357 1151 4426 Vidacicdnllmtoltn.
