3134 4959
310 425 377 492 822
699 442 738 490 u.
760 442 796 492 r.
819 440 1021 492 crcunortrs

311 596 438 673 qnnntc
463 590 520 668 sit,
546 588 760 655 histrionum·
774 587 863 653 levis
878 608 933 653 ars
954 595 986 652 et
1012 586 1155 654 secun·f
1176 586 1353 655 declarat:
1376 591 1412 655 io

311 709 380 775 qua
395 711 471 757 cum
485 710 601 757 omnes
616 694 650 755 iu
667 693 744 764 oris,
757 698 794 756 et
804 690 911 769 vocis,
923 701 959 756 et
972 700 1082 757 motus
1096 692 1328 757 moderatione
1345 694 1414 758 ela·

311 794 440 873 borcut,
465 796 543 880 quis
570 792 729 878 ignorat,⁸
758 812 857 878 qoam
883 795 986 878 pauci
1011 794 1088 869 sint,
1103 794 1312 878 fuerintque,
1328 816 1414 879 quos

311 896 420 962 ammo
435 899 556 983 mqoo⁴
568 905 721 982 spectare
732 896 929 981 possimusl
953 896 1046 979 Quid
1061 898 1169 963 dicum
1185 897 1231 961 de
1247 898 1413 962 theseum

310 1019 415 1065 rerum
431 1003 589 1081 omnium,
604 1001 788 1066 memorial
812 1020 888 1085 quae
904 1002 968 1067 uisi
985 1008 1101 1066 custos
1116 1001 1264 1066 inventis
1281 1002 1412 1084 cogita-

311 1101 444 1186 tisque⁹
470 1106 569 1169 rebus
594 1111 629 1167 et
657 1104 769 1168 verbis
792 1104 1002 1182 adhibeatur,
1028 1104 1254 1189 intelligimus,
1283 1106 1414 1181 omnia,

309 1206 441 1271 etiamsi
463 1206 723 1290 preciosissima
750 1206 876 1270 fuerint
904 1206 938 1270 in
969 1214 1112 1284 oratore,
1143 1208 1305 1290 peritura.
1357 1208 1413 1272 19.

311 1305 537 1388 Quamobrem
552 1310 665 1373 mirari
681 1309 883 1388 desinamus,
899 1329 976 1394 queo
992 1330 1094 1374 causa
1109 1311 1155 1374 sit
1170 1311 1411 1395 eloquentium

308 1414 504 1493 paucitatis,
525 1432 601 1478 eum
628 1432 669 1477 ex
695 1412 739 1478 iis
761 1415 860 1478 rebus
877 1414 1038 1478 universis
1052 1412 1246 1497 eloquentia
1261 1420 1411 1491 constet,

310 1517 435 1602 quibus
449 1514 485 1580 io
501 1514 856 1598 singulis¹⁰elaborare
868 1534 1080 1599 permaguum
1095 1524 1159 1594 est,
1167 1514 1412 1602 hortemurque

308 1620 422 1705 potius
446 1619 571 1683 liberos
596 1630 739 1696 nostros,
754 1628 957 1703 ceterosque,
968 1638 1112 1703 quorum
1137 1618 1245 1701 gloria
1259 1620 1361 1684 uobis
1378 1628 1413 1685 et

308 1722 455 1804 dignitas
469 1740 550 1786 cara
562 1730 626 1795 est,
642 1728 680 1785 ut
699 1722 810 1786 animo
836 1722 883 1787 rei
905 1722 1162 1803 magnitudinem
1182 1724 1411 1813 complecten-

307 1832 372 1902 tur,
386 1842 496 1907 ncque
511 1824 554 1887 iis
567 1832 626 1887 aut
641 1824 834 1908 praeceptis,
848 1829 906 1889 aut
920 1822 1102 1905 magistris,
1117 1828 1174 1886 aut
1188 1825 1411 1890 exercitatio-

307 1926 417 2002 nibus,
432 1925 556 2009 quibus
576 1931 712 1991 utuntur
729 1934 887 2005 omnes,¹¹
903 1925 962 1991 sed
980 1925 1056 1991 aliis
1071 1926 1286 2011 quibusdam,
1304 1946 1346 1992 se
1361 1930 1410 2006 id,

308 2028 398 2112 quod
414 2034 589 2111 expetunt,
605 2028 767 2112 consequi
784 2048 886 2112 posse
901 2028 1080 2094 confidant.
1120 2046 1171 2092 vr.
1184 2030 1238 2094 20.
1263 2029 1320 2095 Ac
1335 2050 1410 2096 mea

308 2132 442 2214 quidem
458 2132 626 2196 sententia
645 2149 743 2195 nemo
769 2132 979 2219 potestesse
995 2132 1082 2196 omni
1097 2132 1195 2197 laude
1210 2134 1409 2198 cumulatus

307 2240 431 2307 orator,
455 2233 519 2297 nisi
543 2235 607 2298 crit
628 2234 776 2319 omnium
800 2252 907 2299 rerum
926 2252 1121 2316 magnarum
1151 2240 1253 2317 atque
1280 2236 1407 2300 artium

307 2337 482 2400 scientiam
498 2342 712 2401 consecutus.
758 2336 887 2403 Etenim
909 2356 953 2401 ex
976 2355 1081 2401 rerum
1103 2338 1298 2418 cognitione
1314 2338 1410 2402 etilo-

306 2447 438 2504 rescat¹
455 2443 489 2505 ct
499 2440 660 2505 redundet
671 2448 805 2524 oportet
815 2441 937 2505 oratio:
955 2460 1042 2525 quae,
1060 2441 1123 2505 uisi
1137 2442 1250 2504 subest
1264 2461 1322 2505 res
1333 2450 1347 2478 ²
1364 2444 1408 2505 ab

308 2552 439 2609 oratore
454 2551 613 2629 percepta
626 2555 661 2608 et
675 2543 824 2626 cognita,
840 2544 971 2609 inanem
993 2542 1161 2627 quandam
1176 2541 1276 2607 babet
1291 2544 1407 2610 elocu-

337 2727 352 2818 2
365 2720 526 2836 mque
536 2721 563 2769 is
573 2721 673 2773 tbsstris
680 2719 829 2773 amir.

691 2868 695 2876 '
763 2880 947 2901 umsmu

308 2984 396 3037 (laeli.
411 2990 432 3035 l.
449 2987 647 3050 dignioris—l
664 2990 737 3039 Unus
749 3004 791 3053 sp.
805 2989 889 3040 Orell.
901 2991 951 3054 ipsu
962 2990 1112 3039 notiora-8
1130 2990 1183 3039 Erl.
1194 2994 1218 3039 2.
1235 2990 1343 3039 luberent
1355 2993 1409 3055 qsr's

310 3054 317 3064 ’
351 3057 420 3109 erst5
437 3052 527 3102 Eril.
543 3054 693 3105 cecisnstss
707 3058 777 3119 (sine
798 3056 835 3117 rt)
856 3058 944 3105 moden
963 3056 1087 3113 laborent,-
1112 3054 1173 3104 edd.
1193 3056 1265 3105 Rom.
1290 3056 1363 3105 Καὶ).
1381 3068 1409 3107 rt

328 3123 383 3166 ool.
400 3119 478 3167 etism
497 3118 612 3169 luberent,
643 3118 727 3168 Paulo
744 3130 814 3183 post,
826 3118 916 3171 Gurll.
928 3125 985 3171 Η.
1004 3124 1182 3183 posnam-s
1199 3121 1256 3170 le.
1271 3120 1363 3171 Oxou.
1381 3126 1408 3179 β,

306 3183 463 3247 cognitisque,
475 3184 548 3246 prob.
559 3182 653 3233 Perre.
670 3187 832 3249 ordinatisque
844 3187 947 3235 Srltnts.
967 3186 1094 3246 probante
1115 3186 1203 3234 Burin.
1237 3187 1312 3247 bles,
1326 3188 1408 3237 Grnt.

308 3248 403 3298 Perre.
417 3258 443 3297 et
456 3251 542 3314 rulgg.
552 3250 657 3310 suerint,
668 3252 693 3298 in
705 3258 799 3301 oratore
812 3254 994 3316 guntaro-lo
1011 3250 1020 3277 ⁸
1030 3252 1138 3299 Snsvior
1148 3260 1190 3303 est
1199 3252 1273 3309 crdo,
1284 3252 1408 3315 quiduis

307 3314 418 3376 sisgsdn
429 3330 505 3379 quarn
522 3316 553 3374 is,
563 3317 606 3377 qui
619 3326 659 3365 est
669 3320 695 3365 ln
705 3318 759 3368 Erl.
771 3322 796 3367 1.
807 3324 831 3367 l.
851 3318 926 3367 Rom.
941 3323 968 3365 et
979 3316 1048 3365 Kob.
1059 3319 1086 3365 is
1096 3316 1181 3379 quitus
1190 3317 1312 3379 tinga&
1328 3318 1408 3368 Harl.

307 3384 371 3429 -lt
389 3380 444 3429 Eri.
455 3384 480 3429 i.
496 3382 685 3431 retinas-ornnes.
993 3403 996 3414 ·

339 3443 406 3495 Csr.
419 3458 459 3493 rt.
494 3448 507 3493 l
527 3444 581 3496 liri.
596 3450 619 3493 Ι.
633 3450 659 3495 2.
675 3445 850 3511 florerent-2
866 3446 1012 3497 ‘Perverse
1031 3444 1136 3507 disting.
1157 3446 1261 3495 Ernest.
1279 3459 1335 3507 qen
1354 3448 1407 3495 nisi

307 3508 394 3565 neec,
405 3508 460 3558 res)
478 3509 562 3559 Orell.
595 3512 663 3561 ‘Eri
676 3516 731 3561 bl.
750 3512 837 3561 Pelet.
850 3512 943 3576 aliique
956 3526 999 3575 up.
1016 3510 1095 3560 Grnt.
1106 3510 1148 3559 ed.
1164 3511 1237 3560 Rom.
1248 3524 1300 3573 qsoe
1311 3510 1362 3559 sisi
1371 3516 1408 3560 sit

307 3574 337 3622 st
348 3578 441 3622 oratore
452 3581 579 3637 perceptu:
596 3576 668 3625 Kob.
679 3578 782 3634 vitiose,
792 3592 845 3641 qius
857 3578 892 3626 lsi
903 3577 936 3627 rit
951 3576 981 3625 cd
992 3580 1086 3624 crstm
1096 3581 1221 3638 ρσιεμις
1239 3586 1266 3625 et
1281 3575 1407 3636 prebebi-

308 3638 358 3688 llus
366 3653 423 3689 erse
434 3639 547 3703 ridetur,
557 3642 606 3690 sisi
615 3642 649 3691 sit
660 3653 704 3694 sot
714 3642 792 3693 subsit
802 3658 850 3693 res.
882 3642 957 3697 Mos,
965 3640 1020 3691 Erl.
1032 3646 1057 3691 2.
1075 3642 1191 3704 medan
1201 3640 1406 3691 meamh-

802 3778 910 3833 NOTAE

338 3890 351 3917 ⁸
369 3881 533 3946 Histriam]
553 3884 836 3949 Dequlbuslolib.rtt.
875 3886 964 3947 signis,
979 3899 1010 3935 sc
1030 3884 1103 3949 regis
1120 3883 1312 3948 msguilieentin
1329 3898 1405 3933 esor-

310 3958 342 4010 sd
358 3960 475 4011 Hereon.
486 3962 499 4025 t
512 3964 553 4011 ld.
876 3963 1003 4012 nubantur
1026 3978 1072 4027 pro
1097 3961 1225 4023 dignitate
1247 3963 1406 4023 argumenti.

344 4036 354 4071 ¹
364 4036 454 4101 Serra]
470 4036 502 4087 ln
513 4038 615 4088 tbestro
626 4052 704 4089 scens
713 4047 769 4089 erat
781 4039 835 4089 sire
876 4038 988 4089 comica
1008 4038 1166 4101 privaturum
1183 4040 1275 4089 tedium
1287 4038 1406 4100 speciest

307 4114 456 4171 tentorium,
478 4114 534 4165 sire
556 4116 762 4176 tabernaculum,
780 4116 835 4165 sire
876 4114 1033 4166 referebant.
1049 4115 1169 4165 Satiricsr
1179 4122 1267 4163 mutuo
1280 4115 1404 4164 nexissr·

307 4191 444 4252 quesitum
478 4188 612 4242 frondibus
649 4191 835 4242 umbraculum.
875 4190 988 4252 boribus,
1004 4190 1143 4245 montibus,
1167 4189 1306 4253 speluncis,
1335 4191 1405 4239 aliis-

306 4267 397 4317 Scenst
409 4272 515 4334 tragice
525 4270 617 4333 quibus
626 4270 755 4330 ancipites
764 4270 835 4333 prin·
876 4284 927 4335 qne
945 4270 1022 4319 rebus
1037 4268 1194 4333 agrestibus,
1205 4268 1287 4317 lustsr
1299 4271 1405 4331 tnpisrii

308 4343 397 4408 cipum
408 4358 482 4394 casus
493 4344 689 4399 exhibebantur.
700 4346 836 4409 columnis,
876 4346 971 4411 operis,
986 4344 1206 4395 deformabantsr.
1218 4346 1363 4397 Vitruvius.
1402 4372 1406 4394 r
