3134 4959
315 336 385 407 852
697 356 738 407 rr.
761 358 796 408 r.
819 358 1027 410 ercunoars

317 504 434 569 rimum
461 500 588 570 deluit:
611 504 695 587 quid
725 524 856 584 censes,
882 504 913 569 si
937 504 982 571 ad
1005 505 1151 590 alicujus
1175 506 1354 591 ingenim
1375 508 1435 573 eet

258 636 261 646 ·
318 606 440 691 majus,
452 607 524 683 illa,
540 626 617 691 quat
632 626 693 691 ego
708 626 774 673 non
791 609 898 692 attigi,
912 610 1137 678 acoesserinti
1161 612 1313 695 qualem
1326 611 1431 685 iliam,

317 716 353 775 ol
367 716 527 793 quantum
542 717 710 776 oratorem
721 718 744 755 ¹¹
766 711 944 776 futurum?

362 826 477 875 xvrtr.
512 811 567 877 80.
588 810 676 877 Tum
702 811 880 892 Antonius,
912 814 1046 880 Probas
1068 814 1162 894 mihi,
1187 816 1326 900 inquit,
1352 817 1428 893 ista,

317 912 455 991 Crasse,
470 932 547 998 qoae
566 914 673 981 dicis:
696 936 759 981 uec
780 915 908 993 dubito,
934 918 1016 1001 quin
1037 918 1140 982 multo
1161 918 1380 1003 locupletior
1395 920 1429 983 in

316 1014 459 1082 dicendo
469 1016 600 1082 iuturus
615 1018 673 1093 sit,
689 1017 720 1081 si
734 1019 812 1102 quis
823 1020 968 1083 omnium
984 1039 1094 1085 rerum
1108 1026 1211 1105 atque
1230 1022 1367 1086 artium
1381 1042 1426 1086 ra-

316 1122 441 1186 tionem
465 1128 682 1203 naturamque
706 1120 1004 1204 comprehenderit.
1046 1124 1103 1191 81.
1125 1124 1196 1189 Sed
1222 1124 1427 1207 primnmid

316 1222 452 1289 difficile
468 1228 519 1287 est
532 1222 647 1301 sactu,¹
670 1224 854 1307 praesertim
869 1225 904 1287 in
920 1225 986 1290 bae
1000 1232 1117 1291 nostra
1132 1226 1215 1304 vita,
1230 1230 1428 1311 nostrisque

315 1325 617 1408 occupationibus:
639 1323 761 1391 deinde
775 1326 859 1392 iliud
871 1328 975 1392 etiam
991 1328 1172 1394 verendum
1183 1336 1271 1406 est,²
1293 1348 1346 1393 ne
1356 1332 1429 1395 ebs-

316 1428 485 1493 trahamur
510 1429 554 1493 ab
574 1428 638 1493 hac
664 1429 920 1506 exercitatione,
944 1437 979 1495 et
1012 1430 1263 1495 cousuetudine
1293 1431 1426 1496 dicendi

315 1532 482 1615 populari,
497 1538 533 1597 et
546 1530 680 1597 sorensi.
725 1529 830 1595 Aliud
846 1533 933 1597 enim
943 1531 1022 1596 mibi
1035 1532 1206 1615 quoddam
1219 1552 1342 1615 genus
1356 1554 1425 1599 ora·

314 1633 417 1699 tionis
432 1652 508 1698 esso
518 1632 648 1699 ridetur
663 1652 780 1697 eorum
795 1632 994 1712 bominum:
1004 1633 1058 1697 -de
1077 1634 1203 1719 quibus
1216 1636 1336 1719 panio
1352 1647 1426 1699 ants

315 1736 446 1814 dixisti,
463 1736 619 1820 quamvis
631 1736 681 1801 ilii
696 1740 811 1801 ornate
822 1740 857 1800 ot
867 1737 1020 1819 graviter,
1034 1744 1094 1801 aut
1104 1736 1147 1800 do
1159 1746 1286 1802 natura
1302 1759 1424 1815 rernm,

315 1848 375 1905 aut
390 1839 432 1905 de
448 1840 601 1907 humanis
618 1839 719 1903 rebus
729 1840 921 1924 loquantur.
954 1838 1109 1905 Nilidem
1124 1840 1305 1923 quoddam
1324 1860 1425 1923 genes

314 1950 368 2007 est
397 1944 573 2008 verborum
596 1950 631 2006 et
654 1941 783 2014 lotum,
809 1942 872 2007 sed
893 1940 1086 2026 paterent
1115 1944 1226 2025 magis
1252 1952 1295 2008 et
1314 1944 1423 2021 οἱοῦ*

313 2065 414 2129 quam
429 2046 524 2131 hujus
539 2044 650 2109 civilis
662 2044 769 2110 turbe
783 2062 824 2109 ao
837 2042 916 2109 fori.
959 2046 1014 2111 8⁶2.
1032 2044 1190 2129 Namque
1197 2054 1356 2128 egomet,
1368 2046 1421 2131 qui

315 2165 401 2227 sero,
419 2167 460 2213 ac
477 2148 594 2213 leviter
608 2145 751 2213 Graecos
772 2146 890 2214 literas
904 2148 1100 2231 attigissem,
1114 2155 1229 2213 tamen
1243 2168 1331 2213 eum
1348 2170 1424 2232 pro·

313 2251 503 2317 console⁴¹¹
525 2252 560 2316 iu
590 2250 772 2315 ciliciam*
802 2250 1024 2335 proficiscens
1047 2250 1200 2317 Athenas
1231 2254 1421 2330 venissem,

344 2432 359 2462 ⁸
375 2427 571 2490 Philosophorum
581 2433 605 2477 et
616 2427 844 2479 cremasteras.

344 2498 357 2524 ⁰
375 2493 563 2543 Exercitationis
576 2494 674 2542 ludicre
683 2496 707 2542 et
718 2492 863 2544 substitit.

768 2619 950 2643 mmo

312 2703 382 2754 Kob.
394 2711 420 2753 et
430 2702 504 2757 Jttnt.
521 2706 584 2753 stad.
596 2704 631 2753 ill.
646 2704 748 2755 desedi.
781 2705 866 2754 Recte
876 2708 908 2753 st.
919 2704 956 2753 tlt
965 2702 1072 2753 obsedi
1090 2700 1116 2751 itt
1134 2700 1188 2751 Eri.
1202 2703 1227 2749 i.
1240 2712 1272 2750 ec
1284 2702 1418 2768 plerisqss

312 2770 399 2819 Petit.
410 2770 485 2819 codd.
498 2777 524 2818 et
535 2769 595 2817 edd.
606 2768 689 2819 Gron.
700 2771 818 2833 aliisque.
851 2770 934 2819 Paulo
945 2777 1014 2832 port,
1025 2770 1052 2818 in
1063 2768 1118 2817 Ert.
1130 2770 1155 2817 1.
1163 2770 1188 2815 2.
1198 2774 1227 2816 et
1240 2768 1266 2815 in
1279 2769 1345 2817 cod.
1356 2784 1418 2833 qoo-

312 2833 371 2883 dem
386 2834 407 2881 ri
422 2834 522 2895 alicujus
535 2834 667 2896 ingestam,
678 2837 770 2885 oraim
782 2835 965 2898 propositione
975 2836 1017 2883 ed.
1049 2834 1101 2882 Sed
1117 2832 1233 2881 Gronov.
1245 2834 1306 2895 jem
1320 2834 1417 2890 deecit,

312 2900 464 2947 ciceronem
477 2899 571 2962 passim
586 2899 668 2948 solere
685 2900 729 2948 ille
747 2900 933 2963 propositione
946 2898 1001 2948 uti!
1017 2897 1094 2947 Hori.
1125 2899 1157 2946 ed
1167 2897 1243 2947 deest
1255 2898 1281 2946 in
1296 2896 1417 2948 Osos-tl

312 2960 370 3025 Ζγ.
386 2962 463 3023 maim
480 2967 512 3012 sit
529 2964 566 3013 rel
586 2964 780 3015 Oronti-11
799 2964 841 3015 lta
862 2964 915 3014 Eri.
926 2968 949 3013 l.
960 2968 986 3015 t.
1007 2969 1034 3013 et
1051 2963 1138 3027 suigg.
1149 2962 1330 3013 snteScbrrtz.
1344 2965 1414 3028 qais

311 3026 389 3078 codd.
409 3028 498 3079 Gtreli.
510 3032 534 3078 2.
545 3034 569 3079 8.
588 3028 661 3078 Rom.
678 3039 705 3077 et
726 3030 795 3080 Kob.
815 3030 907 3080 ascivit
927 3030 1017 3093 qualest
1032 3028 1101 3078 illest
1112 3032 1274 3090 ποῖονμή
1289 3036 1415 3100 questa·

310 3092 387 3143 illurn
399 3094 482 3145 secuti
492 3099 553 3143 sont
564 3094 639 3143 Heri.
651 3104 676 3143 et
690 3094 773 3144 Orell.

345 3160 415 3209 Cae.
426 3174 509 3210 xvrtr.
542 3163 554 3208 1
573 3161 646 3210 Uatis
657 3176 699 3223 ap.
713 3160 796 3212 Oreli·
805 3160 878 3221 socttt
892 3164 986 3209 cst-2
1003 3158 1110 3208 Sebnts·
1120 3156 1278 3206 anctoritate
1289 3157 1384 3208 Geel!-
1394 3164 1415 3209 1.

311 3226 438 3287 expunxit
448 3233 493 3276 est.
527 3224 599 3282 Mos,
611 3241 641 3276 se
651 3228 806 3277 exoriantur
821 3240 852 3273 ee
862 3226 915 3281 loc,
926 3226 966 3285 tre.
978 3224 1053 3272 Roas.
1083 3237 1115 3271 se
1130 3221 1298 3270 moretm
1313 3239 1348 3273 ex
1362 3224 1415 3285 tu,

308 3292 352 3405 qo.
368 3290 485 3342 ltro-s
501 3291 580 3343 ioan.
591 3292 667 3343 Nori.
679 3292 752 3355 Meg.
764 3290 841 3339 Harl.
852 3294 876 3338 t.
884 3292 909 3338 i.
921 3289 976 3353 Eri.
985 3293 1008 3336 t.
1019 3290 1044 3335 ².
1054 3294 1081 3335 et
1091 3286 1177 3338 Oxou.
1188 3286 1220 3347 Z,
1241 3291 1265 3335 et
1281 3292 1414 3351 plane.

328 3372 344 3405 n
357 3357 449 3407 Dresd.
466 3356 621 3409 observante
640 3357 715 3407 Muli.
735 3362 775 3405 est
792 3356 903 3418 palestra
920 3353 999 3420 toogb
1012 3358 1037 3400 et
1048 3351 1108 3411 otii;
1125 3350 1209 3400 sedin
1224 3365 1309 3413 marg.
1325 3356 1412 3402 slei.-

310 3424 327 3470 t
345 3422 400 3472 Eri.
411 3426 468 3471 1.2.
486 3420 562 3471 Rom.
575 3420 644 3471 Kob.
655 3422 726 3471 Cret.
738 3420 813 3471 iant.
828 3419 961 3483 pracontal.
993 3416 1173 3477 Mox,'1'otani
1193 3415 1270 3477 iiber,
1280 3426 1314 3466 nt
1325 3418 1413 3467 Oxos.

312 3486 346 3551 U,
355 3492 452 3551 propter
461 3500 517 3537 son.
525 3486 676 3549 seaucton,
687 3488 754 3553 quod
767 3499 818 3535 uon
827 3484 924 3534 debere
933 3482 1099 3535 temerariam
1110 3481 1202 3546 videri,
1212 3482 1292 3532 emtit
1304 3482 1413 3533 Gruter.

721 3630 725 3641 ·
804 3611 913 3666 NOTAE

342 3714 491 3764 tPrtlcetlru
507 3712 627 3775 neglect
648 3713 705 3777 olei]
723 3712 839 3763 Athleta
879 3712 969 3763 Rome
996 3708 1158 3760 consolatore
1181 3706 1364 3759 mittebantur
1385 3712 1409 3760 ie
1510 3735 1511 3738 ¹

309 3798 337 3843 et
363 3792 473 3855 pugiles,
496 3790 540 3854 qui
562 3804 657 3853 eorpus
680 3790 838 3841 exercebant
879 3788 1036 3854 provincias,
1054 3782 1409 3846 utiniitjotdieerent.et
1510 3803 1511 3810 ¹

308 3870 440 3939 palestra,
453 3866 572 3918 solebant
585 3866 642 3916 oleo
654 3882 747 3931 corpor
765 3866 837 3915 inuu·
879 3882 922 3918 cer
944 3866 1119 3932 gubernarent
1126 3882 1134 3927 l
1157 3869 1265 3927 tamque
1283 3876 1334 3927 pro
1349 3878 1408 3915 m.

309 3962 382 4013 gere,
393 3955 448 3995 turn
460 3944 491 3993 sd
503 3944 635 4009 sugendas
647 3945 724 4007 vires,
738 3949 792 3991 turc
808 3948 838 3991 at
878 3944 943 4001 sule,
955 3944 998 3992 vel
1017 3938 1154 4005 proconsul
1171 3937 1308 3987 dicebatur
1318 3940 1407 4007 eliquit

308 4025 375 4075 cotis
388 4022 487 4072 lubrica
501 4030 528 4071 et
544 4023 601 4071 oleo
612 4021 735 4078 delibuta,
747 4034 838 4069 manus
878 4021 904 4070 ln
916 4018 1074 4083 provinciam
1087 4013 1232 4079 proticisci:
1250 4026 1407 4080 propretor,

308 4102 439 4166 captantis
460 4098 600 4150 adversarii
623 4097 725 4148 facilins
749 4096 837 4147 elude·
877 4097 919 4146 rel
940 4108 988 4160 pro
1007 4092 1300 4159 proterminant·
1316 4090 1405 4145 Rene

309 4186 360 4230 ret.
877 4171 1070 4238 pertractatio
1088 4167 1320 4233 protinoitntiret.
1352 4173 1406 4222 Ab·

342 4264 352 4288 ¹¹
370 4253 526 4318 Proconsuli]
544 4252 652 4303 Romani
665 4258 836 4317 portqettnm
877 4247 1164 4316 qnondottmenetism
1173 4245 1403 4310 quiescentem
