<?xml version="1.0" encoding="UTF-8"?>
<!DOCTYPE html PUBLIC "-//W3C//DTD XHTML 1.0 Transitional//EN"
    "http://www.w3.org/TR/xhtml1/DTD/xhtml1-transitional.dtd">
<html xmlns="http://www.w3.org/1999/xhtml" xml:lang="en" lang="en">
 <head>
  <title>
</title>
<meta http-equiv="Content-Type" content="text/html;charset=utf-8" />
  <meta name='ocr-system' content='tesseract 3.04.00' />
  <meta name='ocr-capabilities' content='ocr_page ocr_carea ocr_par ocr_line ocrx_word'/>
</head>
<body>
  <div class='ocr_page' id='page_1' title='image "./librirhetorici01ernegoog/librirhetorici01ernegoog_0138.png"; bbox 0 0 3134 4959; ppageno 0'>
   <div class='ocr_carea' id='block_1_1' title="bbox 276 322 981 392">
    <p class='ocr_par' dir='ltr' id='par_1_1' title="bbox 276 322 981 392">
     <span class='ocr_line' id='line_1_1' title="bbox 276 322 981 392; baseline -0.007 0"><span class='ocrx_word' id='word_1_1' title='bbox 276 322 342 392; x_wconf 74' lang='lat' dir='ltr'><strong>aet</strong></span> <span class='ocrx_word' id='word_1_2' title='bbox 655 341 693 386; x_wconf 87' lang='grc' dir='ltr'><strong>ιι.</strong></span> <span class='ocrx_word' id='word_1_3' title='bbox 717 341 753 389; x_wconf 81' lang='lat' dir='ltr'><strong>r.</strong></span> <span class='ocrx_word' id='word_1_4' title='bbox 776 338 981 388; x_wconf 79' lang='lat' dir='ltr'><strong>cronnours</strong></span> 
     </span>
    </p>
   </div>
   <div class='ocr_carea' id='block_1_2' title="bbox 276 482 1377 777">
    <p class='ocr_par' dir='ltr' id='par_1_2' title="bbox 276 482 1377 777">
     <span class='ocr_line' id='line_1_2' title="bbox 276 482 1374 568; baseline -0.001 -18"><span class='ocrx_word' id='word_1_5' title='bbox 276 490 350 551; x_wconf 87' lang='lat' dir='ltr'><strong>sire</strong></span> <span class='ocrx_word' id='word_1_6' title='bbox 367 485 482 564; x_wconf 86' lang='lat' dir='ltr'><strong>studii,</strong></span> <span class='ocrx_word' id='word_1_7' title='bbox 499 488 572 549; x_wconf 78' lang='lat' dir='ltr'><strong>sive</strong></span> <span class='ocrx_word' id='word_1_8' title='bbox 587 484 707 562; x_wconf 69' lang='grc' dir='ltr'><strong>ιιιιίε,18</strong></span> <span class='ocrx_word' id='word_1_9' title='bbox 730 486 803 549; x_wconf 82' lang='lat' dir='ltr'><strong>sire</strong></span> <span class='ocrx_word' id='word_1_10' title='bbox 825 482 1077 549; x_wconf 74' lang='lat' dir='ltr'><strong>exercitationis</strong></span> <span class='ocrx_word' id='word_1_11' title='bbox 1091 482 1278 568; x_wconf 84' lang='lat' dir='ltr'><strong>cujusdam,</strong></span> <span class='ocrx_word' id='word_1_12' title='bbox 1296 486 1374 549; x_wconf 83' lang='lat' dir='ltr'><strong>sive</strong></span> 
     </span>
     <span class='ocr_line' id='line_1_3' title="bbox 276 586 1375 672; baseline -0.002 -19"><span class='ocrx_word' id='word_1_13' title='bbox 276 590 448 655; x_wconf 75' lang='lat' dir='ltr'><strong>facultatis</strong></span> <span class='ocrx_word' id='word_1_14' title='bbox 463 610 486 654; x_wconf 89' lang='lat' dir='ltr'><strong>a</strong></span> <span class='ocrx_word' id='word_1_15' title='bbox 499 596 619 654; x_wconf 88' lang='lat' dir='ltr'><strong>natura</strong></span> <span class='ocrx_word' id='word_1_16' title='bbox 628 594 655 640; x_wconf 85' lang='lat'><strong>¹⁹</strong></span> <span class='ocrx_word' id='word_1_17' title='bbox 676 590 837 672; x_wconf 77' lang='lat' dir='ltr'><strong>profectae</strong></span> <span class='ocrx_word' id='word_1_18' title='bbox 855 586 1065 654; x_wconf 81' lang='lat' dir='ltr'><strong>considerare</strong></span> <span class='ocrx_word' id='word_1_19' title='bbox 1080 586 1298 670; x_wconf 79' lang='lat' dir='ltr'><strong>principium:</strong></span> <span class='ocrx_word' id='word_1_20' title='bbox 1322 606 1375 651; x_wconf 87' lang='lat' dir='ltr'><strong>re-</strong></span> 
     </span>
     <span class='ocr_line' id='line_1_4' title="bbox 276 690 1377 777; baseline -0.004 -20"><span class='ocrx_word' id='word_1_21' title='bbox 276 693 442 777; x_wconf 87' lang='lat' dir='ltr'><strong>periemus</strong></span> <span class='ocrx_word' id='word_1_22' title='bbox 455 692 490 755; x_wconf 91' lang='lat' dir='ltr'><strong>id</strong></span> <span class='ocrx_word' id='word_1_23' title='bbox 504 712 547 757; x_wconf 78' lang='lat' dir='ltr'><strong>cx</strong></span> <span class='ocrx_word' id='word_1_24' title='bbox 562 692 809 757; x_wconf 78' lang='lat' dir='ltr'><strong>honestissimis</strong></span> <span class='ocrx_word' id='word_1_25' title='bbox 825 692 937 757; x_wconf 88' lang='lat' dir='ltr'><strong>causis</strong></span> <span class='ocrx_word' id='word_1_26' title='bbox 953 696 1080 765; x_wconf 85' lang='lat' dir='ltr'><strong>natum,</strong></span> <span class='ocrx_word' id='word_1_27' title='bbox 1106 699 1208 773; x_wconf 88' lang='lat' dir='ltr'><strong>atque</strong></span> <span class='ocrx_word' id='word_1_28' title='bbox 1224 690 1267 753; x_wconf 89' lang='lat' dir='ltr'><strong>ab</strong></span> <span class='ocrx_word' id='word_1_29' title='bbox 1282 691 1377 773; x_wconf 88' lang='lat' dir='ltr'><strong>opti·</strong></span> 
     </span>
    </p>
   </div>
   <div class='ocr_carea' id='block_1_3' title="bbox 275 800 1377 2119">
    <p class='ocr_par' dir='ltr' id='par_1_3' title="bbox 275 800 1377 2119">
     <span class='ocr_line' id='line_1_5' title="bbox 275 800 1376 886; baseline -0.004 -19"><span class='ocrx_word' id='word_1_30' title='bbox 275 805 378 868; x_wconf 86' lang='lat' dir='ltr'><strong>mis²⁰</strong></span> <span class='ocrx_word' id='word_1_31' title='bbox 390 804 575 868; x_wconf 84' lang='lat' dir='ltr'><strong>rationibus</strong></span> <span class='ocrx_word' id='word_1_32' title='bbox 585 802 780 886; x_wconf 85' lang='lat' dir='ltr'><strong>proiectum.</strong></span> <span class='ocrx_word' id='word_1_33' title='bbox 814 818 851 866; x_wconf 89' lang='grc' dir='ltr'><strong>ιι.</strong></span> <span class='ocrx_word' id='word_1_34' title='bbox 868 800 1376 886; x_wconf 82' lang='lat' dir='ltr'><strong>Nsmsuitquoddaurtempus,</strong></span> 
     </span>
     <span class='ocr_line' id='line_1_6' title="bbox 276 902 1376 988; baseline -0.002 -19"><span class='ocrx_word' id='word_1_35' title='bbox 276 925 353 971; x_wconf 88' lang='lat' dir='ltr'><strong>oum</strong></span> <span class='ocrx_word' id='word_1_36' title='bbox 369 906 404 969; x_wconf 90' lang='lat' dir='ltr'><strong>in</strong></span> <span class='ocrx_word' id='word_1_37' title='bbox 426 906 513 988; x_wconf 84' lang='lat' dir='ltr'><strong>agris</strong></span> <span class='ocrx_word' id='word_1_38' title='bbox 528 905 680 969; x_wconf 88' lang='lat' dir='ltr'><strong>homiues</strong></span> <span class='ocrx_word' id='word_1_39' title='bbox 695 904 821 988; x_wconf 87' lang='lat' dir='ltr'><strong>passim</strong></span> <span class='ocrx_word' id='word_1_40' title='bbox 839 904 1019 967; x_wconf 85' lang='lat' dir='ltr'><strong>bestiarum</strong></span> <span class='ocrx_word' id='word_1_41' title='bbox 1036 902 1136 967; x_wconf 87' lang='lat' dir='ltr'><strong>modo</strong></span> <span class='ocrx_word' id='word_1_42' title='bbox 1147 910 1180 941; x_wconf 78' lang='lat'><strong>¹‘</strong></span> <span class='ocrx_word' id='word_1_43' title='bbox 1202 906 1376 985; x_wconf 82' lang='lat' dir='ltr'><strong>vagaban-</strong></span> 
     </span>
     <span class='ocr_line' id='line_1_7' title="bbox 276 1006 1376 1088; baseline -0.005 -15"><span class='ocrx_word' id='word_1_44' title='bbox 276 1015 341 1085; x_wconf 89' lang='lat' dir='ltr'><strong>tur,</strong></span> <span class='ocrx_word' id='word_1_45' title='bbox 365 1017 401 1073; x_wconf 90' lang='lat' dir='ltr'><strong>et</strong></span> <span class='ocrx_word' id='word_1_46' title='bbox 426 1008 492 1071; x_wconf 86' lang='lat' dir='ltr'><strong>sibi</strong></span> <span class='ocrx_word' id='word_1_47' title='bbox 517 1009 609 1071; x_wconf 81' lang='lat' dir='ltr'><strong>victu</strong></span> <span class='ocrx_word' id='word_1_48' title='bbox 632 1008 726 1071; x_wconf 86' lang='lat' dir='ltr'><strong>fero²</strong></span> <span class='ocrx_word' id='word_1_49' title='bbox 743 1006 860 1070; x_wconf 69' lang='lat' dir='ltr'><strong>uitam</strong></span> <span class='ocrx_word' id='word_1_50' title='bbox 884 1006 1135 1088; x_wconf 79' lang='lat' dir='ltr'><strong>propagabant:</strong></span> <span class='ocrx_word' id='word_1_51' title='bbox 1157 1006 1376 1069; x_wconf 78' lang='lat' dir='ltr'><strong>uectatione</strong></span> 
     </span>
     <span class='ocr_line' id='line_1_8' title="bbox 276 1106 1375 1194; baseline -0.004 -19"><span class='ocrx_word' id='word_1_52' title='bbox 276 1112 378 1175; x_wconf 89' lang='lat' dir='ltr'><strong>animi</strong></span> <span class='ocrx_word' id='word_1_53' title='bbox 393 1107 598 1194; x_wconf 73' lang='lat' dir='ltr'><strong>quicquam,³</strong></span> <span class='ocrx_word' id='word_1_54' title='bbox 624 1109 684 1174; x_wconf 86' lang='lat' dir='ltr'><strong>sed</strong></span> <span class='ocrx_word' id='word_1_55' title='bbox 708 1109 870 1193; x_wconf 89' lang='lat' dir='ltr'><strong>pleraque</strong></span> <span class='ocrx_word' id='word_1_56' title='bbox 884 1108 1012 1172; x_wconf 88' lang='lat' dir='ltr'><strong>viribus</strong></span> <span class='ocrx_word' id='word_1_57' title='bbox 1035 1106 1187 1191; x_wconf 87' lang='lat' dir='ltr'><strong>corporis</strong></span> <span class='ocrx_word' id='word_1_58' title='bbox 1212 1106 1375 1171; x_wconf 86' lang='lat' dir='ltr'><strong>adminis-</strong></span> 
     </span>
     <span class='ocr_line' id='line_1_9' title="bbox 276 1208 1376 1294; baseline -0.001 -16"><span class='ocrx_word' id='word_1_59' title='bbox 276 1216 427 1278; x_wconf 85' lang='lat' dir='ltr'><strong>trabant:</strong></span> <span class='ocrx_word' id='word_1_60' title='bbox 443 1212 590 1276; x_wconf 90' lang='lat' dir='ltr'><strong>nondum</strong></span> <span class='ocrx_word' id='word_1_61' title='bbox 606 1212 731 1276; x_wconf 80' lang='lat' dir='ltr'><strong>divinae</strong></span> <span class='ocrx_word' id='word_1_62' title='bbox 745 1212 923 1294; x_wconf 82' lang='lat' dir='ltr'><strong>religionis,</strong></span> <span class='ocrx_word' id='word_1_63' title='bbox 936 1230 1002 1274; x_wconf 91' lang='lat' dir='ltr'><strong>uon</strong></span> <span class='ocrx_word' id='word_1_64' title='bbox 1016 1211 1151 1276; x_wconf 81' lang='lat' dir='ltr'><strong>humani</strong></span> <span class='ocrx_word' id='word_1_65' title='bbox 1166 1208 1269 1275; x_wconf 88' lang='lat' dir='ltr'><strong>officii</strong></span> <span class='ocrx_word' id='word_1_66' title='bbox 1283 1212 1376 1277; x_wconf 79' lang='lat' dir='ltr'><strong>ratio</strong></span> 
     </span>
     <span class='ocr_line' id='line_1_10' title="bbox 277 1306 1375 1398; baseline -0.002 -18"><span class='ocrx_word' id='word_1_67' title='bbox 277 1317 467 1381; x_wconf 77' lang='lat' dir='ltr'><strong>colebatur:</strong></span> <span class='ocrx_word' id='word_1_68' title='bbox 488 1334 587 1379; x_wconf 91' lang='lat' dir='ltr'><strong>nemo</strong></span> <span class='ocrx_word' id='word_1_69' title='bbox 601 1316 735 1398; x_wconf 81' lang='lat' dir='ltr'><strong>nuptias</strong></span> <span class='ocrx_word' id='word_1_70' title='bbox 758 1314 887 1378; x_wconf 86' lang='lat' dir='ltr'><strong>viderat</strong></span> <span class='ocrx_word' id='word_1_71' title='bbox 904 1315 1120 1397; x_wconf 64' lang='lat' dir='ltr'><strong>legitimam*</strong></span> <span class='ocrx_word' id='word_1_72' title='bbox 1140 1306 1231 1377; x_wconf 73' lang='lat' dir='ltr'><strong>non&#39;</strong></span> <span class='ocrx_word' id='word_1_73' title='bbox 1256 1322 1375 1378; x_wconf 84' lang='lat' dir='ltr'><strong>certos</strong></span> 
     </span>
     <span class='ocr_line' id='line_1_11' title="bbox 276 1414 1374 1503; baseline -0.003 -21"><span class='ocrx_word' id='word_1_74' title='bbox 276 1420 457 1503; x_wconf 85' lang='lat' dir='ltr'><strong>quisquam</strong></span> <span class='ocrx_word' id='word_1_75' title='bbox 472 1416 673 1501; x_wconf 86' lang='lat' dir='ltr'><strong>aspexerat⁶</strong></span> <span class='ocrx_word' id='word_1_76' title='bbox 696 1417 841 1481; x_wconf 86' lang='lat' dir='ltr'><strong>liberos:</strong></span> <span class='ocrx_word' id='word_1_77' title='bbox 864 1436 942 1495; x_wconf 91' lang='lat' dir='ltr'><strong>non,</strong></span> <span class='ocrx_word' id='word_1_78' title='bbox 953 1416 1011 1501; x_wconf 84' lang='lat' dir='ltr'><strong>J&#39;us</strong></span> <span class='ocrx_word' id='word_1_79' title='bbox 1027 1415 1194 1499; x_wconf 82' lang='lat' dir='ltr'><strong>aequsbile</strong></span> <span class='ocrx_word' id='word_1_80' title='bbox 1209 1414 1289 1499; x_wconf 88' lang='lat' dir='ltr'><strong>quid</strong></span> <span class='ocrx_word' id='word_1_81' title='bbox 1305 1418 1374 1479; x_wconf 89' lang='lat' dir='ltr'><strong>uti·</strong></span> 
     </span>
     <span class='ocr_line' id='line_1_12' title="bbox 275 1518 1374 1603; baseline -0.004 -18"><span class='ocrx_word' id='word_1_82' title='bbox 275 1521 383 1585; x_wconf 82' lang='lat' dir='ltr'><strong>litatis</strong></span> <span class='ocrx_word' id='word_1_83' title='bbox 411 1521 560 1599; x_wconf 88' lang='lat' dir='ltr'><strong>haberet,</strong></span> <span class='ocrx_word' id='word_1_84' title='bbox 589 1527 778 1603; x_wconf 84' lang='lat' dir='ltr'><strong>acceperat.</strong></span> <span class='ocrx_word' id='word_1_85' title='bbox 823 1518 905 1595; x_wconf 88' lang='lat' dir='ltr'><strong>Ita‚⁷</strong></span> <span class='ocrx_word' id='word_1_86' title='bbox 934 1526 1072 1603; x_wconf 84' lang='lat' dir='ltr'><strong>propter</strong></span> <span class='ocrx_word' id='word_1_87' title='bbox 1096 1536 1238 1582; x_wconf 88' lang='lat' dir='ltr'><strong>errorem</strong></span> <span class='ocrx_word' id='word_1_88' title='bbox 1267 1526 1374 1601; x_wconf 85' lang='lat' dir='ltr'><strong>atque</strong></span> 
     </span>
     <span class='ocr_line' id='line_1_13' title="bbox 276 1620 1374 1704; baseline -0.004 -17"><span class='ocrx_word' id='word_1_89' title='bbox 276 1622 509 1698; x_wconf 83' lang='lat' dir='ltr'><strong>inscientiam‚⁸</strong></span> <span class='ocrx_word' id='word_1_90' title='bbox 535 1642 630 1687; x_wconf 73' lang='lat' dir='ltr'><strong>caeca</strong></span> <span class='ocrx_word' id='word_1_91' title='bbox 656 1642 698 1687; x_wconf 89' lang='lat' dir='ltr'><strong>ac</strong></span> <span class='ocrx_word' id='word_1_92' title='bbox 723 1622 897 1687; x_wconf 86' lang='lat' dir='ltr'><strong>temeraria</strong></span> <span class='ocrx_word' id='word_1_93' title='bbox 924 1621 1125 1686; x_wconf 84' lang='lat' dir='ltr'><strong>dominatrix</strong></span> <span class='ocrx_word' id='word_1_94' title='bbox 1147 1620 1250 1685; x_wconf 87' lang='lat' dir='ltr'><strong>animi</strong></span> <span class='ocrx_word' id='word_1_95' title='bbox 1274 1622 1374 1704; x_wconf 91' lang='lat' dir='ltr'><strong>cupi-</strong></span> 
     </span>
     <span class='ocr_line' id='line_1_14' title="bbox 277 1724 1374 1809; baseline -0.003 -18"><span class='ocrx_word' id='word_1_96' title='bbox 277 1726 375 1804; x_wconf 85' lang='lat' dir='ltr'><strong>ditas,</strong></span> <span class='ocrx_word' id='word_1_97' title='bbox 399 1726 442 1791; x_wconf 87' lang='lat' dir='ltr'><strong>ad</strong></span> <span class='ocrx_word' id='word_1_98' title='bbox 457 1746 494 1791; x_wconf 86' lang='lat' dir='ltr'><strong>se</strong></span> <span class='ocrx_word' id='word_1_99' title='bbox 506 1724 707 1809; x_wconf 77' lang='lat' dir='ltr'><strong>explendam</strong></span> <span class='ocrx_word' id='word_1_100' title='bbox 727 1726 856 1790; x_wconf 87' lang='lat' dir='ltr'><strong>viribus</strong></span> <span class='ocrx_word' id='word_1_101' title='bbox 871 1724 1021 1809; x_wconf 89' lang='lat' dir='ltr'><strong>corporis</strong></span> <span class='ocrx_word' id='word_1_102' title='bbox 1037 1725 1246 1803; x_wconf 83' lang='lat' dir='ltr'><strong>abutebatur,</strong></span> <span class='ocrx_word' id='word_1_103' title='bbox 1261 1724 1374 1808; x_wconf 90' lang='lat' dir='ltr'><strong>perni-</strong></span> 
     </span>
     <span class='ocr_line' id='line_1_15' title="bbox 277 1814 1374 1912; baseline -0.002 -19"><span class='ocrx_word' id='word_1_104' title='bbox 277 1814 502 1894; x_wconf 81' lang='lat' dir='ltr'><strong>ciosissimis⁹</strong></span> <span class='ocrx_word' id='word_1_105' title='bbox 523 1830 738 1895; x_wconf 84' lang='lat' dir='ltr'><strong>satellitibus.</strong></span> <span class='ocrx_word' id='word_1_106' title='bbox 782 1826 862 1907; x_wconf 81' lang='lat' dir='ltr'><strong>Quo</strong></span> <span class='ocrx_word' id='word_1_107' title='bbox 886 1837 1037 1912; x_wconf 87' lang='lat' dir='ltr'><strong>tempore</strong></span> <span class='ocrx_word' id='word_1_108' title='bbox 1052 1827 1202 1912; x_wconf 81' lang='lat' dir='ltr'><strong>quidam,</strong></span> <span class='ocrx_word' id='word_1_109' title='bbox 1230 1846 1374 1909; x_wconf 82' lang='lat' dir='ltr'><strong>magnus</strong></span> 
     </span>
     <span class='ocr_line' id='line_1_16' title="bbox 277 1928 1369 2015; baseline -0.001 -21"><span class='ocrx_word' id='word_1_110' title='bbox 277 1930 437 1997; x_wconf 87' lang='lat' dir='ltr'><strong>videlicet</strong></span> <span class='ocrx_word' id='word_1_111' title='bbox 451 1929 522 1998; x_wconf 79' lang='lat' dir='ltr'><strong>vir‘</strong></span> <span class='ocrx_word' id='word_1_112' title='bbox 540 1938 576 1996; x_wconf 88' lang='lat' dir='ltr'><strong>et</strong></span> <span class='ocrx_word' id='word_1_113' title='bbox 590 1933 767 2015; x_wconf 86' lang='lat' dir='ltr'><strong>sapiens,¹⁰</strong></span> <span class='ocrx_word' id='word_1_114' title='bbox 791 1930 960 2013; x_wconf 83' lang='lat' dir='ltr'><strong>coguovit,</strong></span> <span class='ocrx_word' id='word_1_115' title='bbox 977 1948 1054 2012; x_wconf 85' lang='lat' dir='ltr'><strong>quse</strong></span> <span class='ocrx_word' id='word_1_116' title='bbox 1070 1928 1209 1993; x_wconf 84' lang='lat' dir='ltr'><strong>materia</strong></span> <span class='ocrx_word' id='word_1_117' title='bbox 1231 1934 1330 2007; x_wconf 85' lang='lat' dir='ltr'><strong>esset,</strong></span> <span class='ocrx_word' id='word_1_118' title='bbox 1344 1936 1369 1966; x_wconf 91' lang='lat'><strong>¹¹</strong></span> 
     </span>
     <span class='ocr_line' id='line_1_17' title="bbox 276 2032 1377 2119; baseline 0 -20"><span class='ocrx_word' id='word_1_119' title='bbox 276 2041 311 2099; x_wconf 85' lang='lat' dir='ltr'><strong>et</strong></span> <span class='ocrx_word' id='word_1_120' title='bbox 331 2043 459 2119; x_wconf 84' lang='lat' dir='ltr'><strong>quanta</strong></span> <span class='ocrx_word' id='word_1_121' title='bbox 481 2034 524 2099; x_wconf 91' lang='lat' dir='ltr'><strong>ad</strong></span> <span class='ocrx_word' id='word_1_122' title='bbox 547 2036 714 2099; x_wconf 80' lang='lat' dir='ltr'><strong>maximas</strong></span> <span class='ocrx_word' id='word_1_123' title='bbox 736 2054 790 2099; x_wconf 89' lang='lat' dir='ltr'><strong>res</strong></span> <span class='ocrx_word' id='word_1_124' title='bbox 812 2036 1045 2119; x_wconf 83' lang='lat' dir='ltr'><strong>opportunitas</strong></span> <span class='ocrx_word' id='word_1_125' title='bbox 1067 2034 1103 2097; x_wconf 90' lang='lat' dir='ltr'><strong>in</strong></span> <span class='ocrx_word' id='word_1_126' title='bbox 1125 2032 1245 2097; x_wconf 85' lang='lat' dir='ltr'><strong>animis</strong></span> <span class='ocrx_word' id='word_1_127' title='bbox 1265 2034 1377 2099; x_wconf 89' lang='lat' dir='ltr'><strong>borni·</strong></span> 
     </span>
    </p>
   </div>
   <div class='ocr_carea' id='block_1_4' title="bbox 727 2212 912 2237">
    <p class='ocr_par' dir='ltr' id='par_1_4' title="bbox 727 2212 912 2237">
     <span class='ocr_line' id='line_1_18' title="bbox 727 2212 912 2237; baseline 0 -1"><span class='ocrx_word' id='word_1_128' title='bbox 727 2212 912 2237; x_wconf 64' lang='grc' dir='ltr'><strong>ΟΜΜΝΟΝ</strong></span> 
     </span>
    </p>
   </div>
   <div class='ocr_carea' id='block_1_5' title="bbox 276 2296 1382 3600">
    <p class='ocr_par' dir='ltr' id='par_1_5' title="bbox 276 2296 1382 3600">
     <span class='ocr_line' id='line_1_19' title="bbox 310 2296 1380 2362; baseline -0.001 -12"><span class='ocrx_word' id='word_1_129' title='bbox 310 2300 377 2350; x_wconf 75' lang='lat' dir='ltr'><strong>Cau·</strong></span> <span class='ocrx_word' id='word_1_130' title='bbox 391 2314 423 2350; x_wconf 86' lang='lat' dir='ltr'><strong>rr.</strong></span> <span class='ocrx_word' id='word_1_131' title='bbox 452 2305 464 2349; x_wconf 90' lang='lat' dir='ltr'><strong>l</strong></span> <span class='ocrx_word' id='word_1_132' title='bbox 483 2299 505 2349; x_wconf 83' lang='grc' dir='ltr'><strong>Β</strong></span> <span class='ocrx_word' id='word_1_133' title='bbox 518 2299 540 2348; x_wconf 84' lang='lat' dir='ltr'>L</span> <span class='ocrx_word' id='word_1_134' title='bbox 552 2296 606 2349; x_wconf 80' lang='lat' dir='ltr'><strong>Wt</strong></span> <span class='ocrx_word' id='word_1_135' title='bbox 617 2318 632 2349; x_wconf 86' lang='lat' dir='ltr'><strong>rr</strong></span> <span class='ocrx_word' id='word_1_136' title='bbox 642 2302 670 2362; x_wconf 72' lang='grc' dir='ltr'><strong>ψ,</strong></span> <span class='ocrx_word' id='word_1_137' title='bbox 679 2318 697 2349; x_wconf 83' lang='lat' dir='ltr'><strong>rr</strong></span> <span class='ocrx_word' id='word_1_138' title='bbox 708 2303 731 2348; x_wconf 84' lang='lat' dir='ltr'><strong>l.</strong></span> <span class='ocrx_word' id='word_1_139' title='bbox 748 2303 773 2349; x_wconf 72' lang='lat'><strong>2.</strong></span> <span class='ocrx_word' id='word_1_140' title='bbox 792 2299 848 2351; x_wconf 75' lang='lat' dir='ltr'><strong>nrt.</strong></span> <span class='ocrx_word' id='word_1_141' title='bbox 863 2298 954 2351; x_wconf 76' lang='lat' dir='ltr'><strong>uuirt.</strong></span> <span class='ocrx_word' id='word_1_142' title='bbox 966 2297 1062 2349; x_wconf 74' lang='lat' dir='ltr'><strong>Caucis.</strong></span> <span class='ocrx_word' id='word_1_143' title='bbox 1082 2306 1110 2347; x_wconf 87' lang='lat' dir='ltr'><strong>et</strong></span> <span class='ocrx_word' id='word_1_144' title='bbox 1121 2313 1210 2349; x_wconf 83' lang='lat' dir='ltr'><strong>omues</strong></span> <span class='ocrx_word' id='word_1_145' title='bbox 1227 2299 1290 2347; x_wconf 77' lang='lat' dir='ltr'><strong>Mes.</strong></span> <span class='ocrx_word' id='word_1_146' title='bbox 1302 2298 1380 2349; x_wconf 93' lang='lat' dir='ltr'><strong>0ud.</strong></span> 
     </span>
     <span class='ocr_line' id='line_1_20' title="bbox 276 2364 1378 2426; baseline -0.001 -11"><span class='ocrx_word' id='word_1_147' title='bbox 276 2380 335 2415; x_wconf 86' lang='lat' dir='ltr'><strong>curn</strong></span> <span class='ocrx_word' id='word_1_148' title='bbox 346 2364 406 2415; x_wconf 82' lang='lat' dir='ltr'><strong>edd.</strong></span> <span class='ocrx_word' id='word_1_149' title='bbox 419 2365 485 2415; x_wconf 86' lang='lat' dir='ltr'><strong>Rob.</strong></span> <span class='ocrx_word' id='word_1_150' title='bbox 496 2374 523 2414; x_wconf 86' lang='lat' dir='ltr'><strong>et</strong></span> <span class='ocrx_word' id='word_1_151' title='bbox 535 2366 595 2415; x_wconf 79' lang='lat' dir='ltr'><strong>Car.</strong></span> <span class='ocrx_word' id='word_1_152' title='bbox 605 2366 697 2426; x_wconf 76' lang='lat' dir='ltr'><strong>steps.</strong></span> <span class='ocrx_word' id='word_1_153' title='bbox 709 2366 810 2415; x_wconf 83' lang='lat' dir='ltr'><strong>Victor.</strong></span> <span class='ocrx_word' id='word_1_154' title='bbox 825 2366 939 2423; x_wconf 68' lang='lat' dir='ltr'><strong>Herrar.</strong></span> <span class='ocrx_word' id='word_1_155' title='bbox 952 2364 1054 2414; x_wconf 82' lang='lat' dir='ltr'><strong>Manut.</strong></span> <span class='ocrx_word' id='word_1_156' title='bbox 1066 2372 1094 2413; x_wconf 81' lang='lat' dir='ltr'><strong>et</strong></span> <span class='ocrx_word' id='word_1_157' title='bbox 1104 2364 1232 2414; x_wconf 83' lang='lat' dir='ltr'><strong>nonnullis</strong></span> <span class='ocrx_word' id='word_1_158' title='bbox 1241 2365 1297 2413; x_wconf 86' lang='lat' dir='ltr'><strong>aliir</strong></span> <span class='ocrx_word' id='word_1_159' title='bbox 1306 2374 1378 2414; x_wconf 80' lang='lat' dir='ltr'><strong>vett.</strong></span> 
     </span>
     <span class='ocr_line' id='line_1_21' title="bbox 278 2428 1378 2491; baseline 0 -12"><span class='ocrx_word' id='word_1_160' title='bbox 278 2446 308 2479; x_wconf 84' lang='lat' dir='ltr'><strong>ae</strong></span> <span class='ocrx_word' id='word_1_161' title='bbox 322 2432 400 2480; x_wconf 79' lang='lat' dir='ltr'><strong>etiarn</strong></span> <span class='ocrx_word' id='word_1_162' title='bbox 413 2431 483 2479; x_wconf 87' lang='lat' dir='ltr'><strong>Olir.</strong></span> <span class='ocrx_word' id='word_1_163' title='bbox 499 2431 690 2481; x_wconf 83' lang='lat' dir='ltr'><strong>Grrer.·Bnrrn.</strong></span> <span class='ocrx_word' id='word_1_164' title='bbox 701 2431 805 2479; x_wconf 75' lang='lat' dir='ltr'><strong>Scbnts.</strong></span> <span class='ocrx_word' id='word_1_165' title='bbox 821 2440 847 2481; x_wconf 85' lang='lat' dir='ltr'><strong>et</strong></span> <span class='ocrx_word' id='word_1_166' title='bbox 860 2430 944 2481; x_wconf 88' lang='lat' dir='ltr'><strong>Orell.</strong></span> <span class='ocrx_word' id='word_1_167' title='bbox 961 2443 1038 2478; x_wconf 75' lang='lat' dir='ltr'><strong>ruore:</strong></span> <span class='ocrx_word' id='word_1_168' title='bbox 1057 2428 1086 2478; x_wconf 89' lang='lat' dir='ltr'>M</span> <span class='ocrx_word' id='word_1_169' title='bbox 1097 2430 1134 2477; x_wconf 80' lang='lat' dir='ltr'><strong>uel</strong></span> <span class='ocrx_word' id='word_1_170' title='bbox 1151 2443 1215 2477; x_wconf 76' lang='lat' dir='ltr'><strong>crore</strong></span> <span class='ocrx_word' id='word_1_171' title='bbox 1230 2444 1307 2491; x_wconf 80' lang='lat' dir='ltr'><strong>supra</strong></span> <span class='ocrx_word' id='word_1_172' title='bbox 1327 2428 1378 2479; x_wconf 87' lang='lat' dir='ltr'><strong>lin.</strong></span> 
     </span>
     <span class='ocr_line' id='line_1_22' title="bbox 277 2494 1382 2547; baseline -0.003 0"><span class='ocrx_word' id='word_1_173' title='bbox 277 2497 340 2547; x_wconf 85' lang='lat' dir='ltr'><strong>Tur.</strong></span> <span class='ocrx_word' id='word_1_174' title='bbox 360 2496 428 2545; x_wconf 84' lang='lat' dir='ltr'><strong>l&#39;rll.</strong></span> <span class='ocrx_word' id='word_1_175' title='bbox 445 2502 470 2546; x_wconf 79' lang='lat'><strong>2.</strong></span> <span class='ocrx_word' id='word_1_176' title='bbox 487 2499 512 2545; x_wconf 68' lang='lat'><strong>2.</strong></span> <span class='ocrx_word' id='word_1_177' title='bbox 530 2495 611 2545; x_wconf 69' lang='lat' dir='ltr'><strong>Grec.</strong></span> <span class='ocrx_word' id='word_1_178' title='bbox 630 2495 720 2544; x_wconf 84' lang='lat' dir='ltr'><strong>ernb.</strong></span> <span class='ocrx_word' id='word_1_179' title='bbox 738 2496 818 2545; x_wconf 82' lang='lat' dir='ltr'><strong>Grut.</strong></span> <span class='ocrx_word' id='word_1_180' title='bbox 838 2496 904 2545; x_wconf 82' lang='lat' dir='ltr'><strong>Lrll.</strong></span> <span class='ocrx_word' id='word_1_181' title='bbox 923 2505 950 2543; x_wconf 79' lang='lat' dir='ltr'><strong>et</strong></span> <span class='ocrx_word' id='word_1_182' title='bbox 966 2495 1075 2543; x_wconf 72' lang='lat' dir='ltr'><strong>wetzel.</strong></span> <span class='ocrx_word' id='word_1_183' title='bbox 1095 2496 1219 2545; x_wconf 72' lang='lat' dir='ltr'><strong>moda—2</strong></span> <span class='ocrx_word' id='word_1_184' title='bbox 1237 2494 1294 2543; x_wconf 89' lang='lat' dir='ltr'><strong>Duo</strong></span> <span class='ocrx_word' id='word_1_185' title='bbox 1311 2494 1382 2544; x_wconf 83' lang='lat' dir='ltr'><strong>Mrs.</strong></span> 
     </span>
     <span class='ocr_line' id='line_1_23' title="bbox 277 2558 1378 2625; baseline -0.008 -10"><span class='ocrx_word' id='word_1_186' title='bbox 277 2561 387 2625; x_wconf 77' lang='lat' dir='ltr'><strong>Grypttt</strong></span> <span class='ocrx_word' id='word_1_187' title='bbox 405 2575 477 2610; x_wconf 79' lang='lat' dir='ltr'><strong>uero:</strong></span> <span class='ocrx_word' id='word_1_188' title='bbox 493 2574 585 2608; x_wconf 79' lang='lat' dir='ltr'><strong>noveru</strong></span> <span class='ocrx_word' id='word_1_189' title='bbox 604 2560 710 2610; x_wconf 79' lang='lat' dir='ltr'><strong>Oxouu.</strong></span> <span class='ocrx_word' id='word_1_190' title='bbox 730 2562 794 2609; x_wconf 79' lang='lat' dir='ltr'><strong>Mn.</strong></span> <span class='ocrx_word' id='word_1_191' title='bbox 816 2573 872 2608; x_wconf 83' lang='lat' dir='ltr'><strong>cunr</strong></span> <span class='ocrx_word' id='word_1_192' title='bbox 891 2560 965 2611; x_wconf 81' lang='lat' dir='ltr'><strong>Jrrnt.</strong></span> <span class='ocrx_word' id='word_1_193' title='bbox 986 2560 1077 2611; x_wconf 75' lang='lat' dir='ltr'><strong>humb.</strong></span> <span class='ocrx_word' id='word_1_194' title='bbox 1094 2558 1172 2607; x_wconf 86' lang='lat' dir='ltr'><strong>Grut.</strong></span> <span class='ocrx_word' id='word_1_195' title='bbox 1190 2560 1262 2609; x_wconf 87' lang='lat' dir='ltr'><strong>Olir.</strong></span> <span class='ocrx_word' id='word_1_196' title='bbox 1274 2560 1378 2610; x_wconf 77' lang='lat' dir='ltr'><strong>(inser.-</strong></span> 
     </span>
     <span class='ocr_line' id='line_1_24' title="bbox 278 2623 1378 2685; baseline -0.001 -10"><span class='ocrx_word' id='word_1_197' title='bbox 278 2626 368 2677; x_wconf 82' lang='lat' dir='ltr'><strong>Burnr.</strong></span> <span class='ocrx_word' id='word_1_198' title='bbox 379 2635 408 2675; x_wconf 87' lang='lat' dir='ltr'><strong>et</strong></span> <span class='ocrx_word' id='word_1_199' title='bbox 419 2626 484 2675; x_wconf 77' lang='lat' dir='ltr'><strong>trit.</strong></span> <span class='ocrx_word' id='word_1_200' title='bbox 494 2624 592 2685; x_wconf 78' lang='lat' dir='ltr'><strong>serino:</strong></span> <span class='ocrx_word' id='word_1_201' title='bbox 610 2626 662 2675; x_wconf 84' lang='lat' dir='ltr'><strong>Gu.</strong></span> <span class='ocrx_word' id='word_1_202' title='bbox 673 2641 689 2673; x_wconf 82' lang='lat' dir='ltr'><strong>a</strong></span> <span class='ocrx_word' id='word_1_203' title='bbox 698 2639 732 2673; x_wconf 90' lang='lat' dir='ltr'><strong>ru.</strong></span> <span class='ocrx_word' id='word_1_204' title='bbox 745 2624 851 2685; x_wconf 66' lang='lat' dir='ltr'><strong>postir-</strong></span> <span class='ocrx_word' id='word_1_205' title='bbox 863 2626 957 2675; x_wconf 77' lang='lat' dir='ltr'><strong>Cerrcb.</strong></span> <span class='ocrx_word' id='word_1_206' title='bbox 973 2625 1047 2675; x_wconf 74' lang='lat' dir='ltr'><strong>Cara.</strong></span> <span class='ocrx_word' id='word_1_207' title='bbox 1058 2624 1122 2673; x_wconf 83' lang='lat' dir='ltr'><strong>Tur.</strong></span> <span class='ocrx_word' id='word_1_208' title='bbox 1133 2632 1161 2674; x_wconf 84' lang='lat' dir='ltr'><strong>et</strong></span> <span class='ocrx_word' id='word_1_209' title='bbox 1172 2623 1332 2680; x_wconf 80' lang='lat' dir='ltr'><strong>Victorinus.</strong></span> <span class='ocrx_word' id='word_1_210' title='bbox 1343 2640 1378 2675; x_wconf 79' lang='lat' dir='ltr'><strong>sc</strong></span> 
     </span>
     <span class='ocr_line' id='line_1_25' title="bbox 279 2688 1377 2753; baseline -0.002 -12"><span class='ocrx_word' id='word_1_211' title='bbox 279 2693 359 2743; x_wconf 84' lang='lat' dir='ltr'><strong>etiaur</strong></span> <span class='ocrx_word' id='word_1_212' title='bbox 384 2692 490 2741; x_wconf 81' lang='lat' dir='ltr'><strong>Sciruts.</strong></span> <span class='ocrx_word' id='word_1_213' title='bbox 509 2690 618 2739; x_wconf 83' lang='lat' dir='ltr'><strong>Wetael.</strong></span> <span class='ocrx_word' id='word_1_214' title='bbox 639 2700 666 2739; x_wconf 85' lang='lat' dir='ltr'><strong>et</strong></span> <span class='ocrx_word' id='word_1_215' title='bbox 686 2690 769 2738; x_wconf 84' lang='lat' dir='ltr'><strong>Orell.</strong></span> <span class='ocrx_word' id='word_1_216' title='bbox 788 2688 902 2749; x_wconf 70' lang='lat' dir='ltr'><strong>sera-8</strong></span> <span class='ocrx_word' id='word_1_217' title='bbox 919 2693 932 2739; x_wconf 78' lang='grc' dir='ltr'><strong><em>θ</em></strong></span> <span class='ocrx_word' id='word_1_218' title='bbox 948 2693 1141 2753; x_wconf 55' lang='lat' dir='ltr'><strong>quemquern-i</strong></span> <span class='ocrx_word' id='word_1_219' title='bbox 1164 2688 1220 2739; x_wconf 79' lang='lat' dir='ltr'><strong>Eri.</strong></span> <span class='ocrx_word' id='word_1_220' title='bbox 1238 2696 1304 2753; x_wconf 80' lang='lat' dir='ltr'><strong>rapt.</strong></span> <span class='ocrx_word' id='word_1_221' title='bbox 1326 2691 1377 2750; x_wconf 72' lang='lat' dir='ltr'><strong>leg.</strong></span> 
     </span>
     <span class='ocr_line' id='line_1_26' title="bbox 277 2754 1377 2818; baseline -0.004 -11"><span class='ocrx_word' id='word_1_222' title='bbox 277 2754 328 2808; x_wconf 74' lang='lat' dir='ltr'><strong>oid.</strong></span> <span class='ocrx_word' id='word_1_223' title='bbox 343 2758 418 2809; x_wconf 84' lang='lat' dir='ltr'><strong>lunt.</strong></span> <span class='ocrx_word' id='word_1_224' title='bbox 430 2757 502 2806; x_wconf 73' lang='lat' dir='ltr'><strong>Crat.</strong></span> <span class='ocrx_word' id='word_1_225' title='bbox 513 2755 604 2804; x_wconf 70' lang='lat' dir='ltr'><strong>namu.</strong></span> <span class='ocrx_word' id='word_1_226' title='bbox 617 2756 723 2805; x_wconf 80' lang='lat' dir='ltr'><strong>Selrutz.</strong></span> <span class='ocrx_word' id='word_1_227' title='bbox 734 2763 762 2804; x_wconf 85' lang='lat' dir='ltr'><strong>et</strong></span> <span class='ocrx_word' id='word_1_228' title='bbox 773 2754 857 2805; x_wconf 89' lang='lat' dir='ltr'><strong>Orell.</strong></span> <span class='ocrx_word' id='word_1_229' title='bbox 872 2756 919 2817; x_wconf 63' lang='lat' dir='ltr'><strong>leg.</strong></span> <span class='ocrx_word' id='word_1_230' title='bbox 928 2755 978 2805; x_wconf 80' lang='lat' dir='ltr'><strong>nid.</strong></span> <span class='ocrx_word' id='word_1_231' title='bbox 989 2760 1056 2818; x_wconf 76' lang='lat' dir='ltr'><strong>nupt.</strong></span> <span class='ocrx_word' id='word_1_232' title='bbox 1090 2755 1167 2818; x_wconf 70' lang='lat' dir='ltr'><strong>vulg.</strong></span> <span class='ocrx_word' id='word_1_233' title='bbox 1177 2762 1245 2818; x_wconf 76' lang='lat' dir='ltr'><strong>nupt.</strong></span> <span class='ocrx_word' id='word_1_234' title='bbox 1260 2757 1310 2803; x_wconf 79' lang='lat' dir='ltr'><strong>rid.</strong></span> <span class='ocrx_word' id='word_1_235' title='bbox 1326 2756 1377 2816; x_wconf 73' lang='lat' dir='ltr'><strong>leg.</strong></span> 
     </span>
     <span class='ocr_line' id='line_1_27' title="bbox 278 2818 1374 2883; baseline -0.004 -10"><span class='ocrx_word' id='word_1_236' title='bbox 278 2832 305 2873; x_wconf 80' lang='lat' dir='ltr'><strong>et</strong></span> <span class='ocrx_word' id='word_1_237' title='bbox 325 2825 363 2872; x_wconf 85' lang='lat' dir='ltr'><strong>ric</strong></span> <span class='ocrx_word' id='word_1_238' title='bbox 386 2821 491 2870; x_wconf 79' lang='lat' dir='ltr'><strong>Oronu.</strong></span> <span class='ocrx_word' id='word_1_239' title='bbox 511 2820 622 2869; x_wconf 70' lang='lat' dir='ltr'><strong>Mra-t</strong></span> <span class='ocrx_word' id='word_1_240' title='bbox 640 2820 663 2869; x_wconf 88' lang='lat'><strong>1.</strong></span> <span class='ocrx_word' id='word_1_241' title='bbox 681 2824 781 2869; x_wconf 73' lang='lat' dir='ltr'><strong>rec-d</strong></span> <span class='ocrx_word' id='word_1_242' title='bbox 807 2818 875 2871; x_wconf 84' lang='lat' dir='ltr'><strong>Edd.</strong></span> <span class='ocrx_word' id='word_1_243' title='bbox 895 2821 992 2881; x_wconf 69' lang='lat' dir='ltr'><strong>multa,</strong></span> <span class='ocrx_word' id='word_1_244' title='bbox 1013 2828 1082 2869; x_wconf 84' lang='lat' dir='ltr'><strong>terte</strong></span> <span class='ocrx_word' id='word_1_245' title='bbox 1104 2820 1218 2877; x_wconf 71' lang='lat' dir='ltr'><strong>Oresio,</strong></span> <span class='ocrx_word' id='word_1_246' title='bbox 1240 2818 1374 2883; x_wconf 70' lang='lat' dir='ltr'><strong>quispim:</strong></span> 
     </span>
     <span class='ocr_line' id='line_1_28' title="bbox 279 2883 1377 2949; baseline -0.003 -13"><span class='ocrx_word' id='word_1_247' title='bbox 279 2889 376 2937; x_wconf 76' lang='lat' dir='ltr'><strong>cruet.</strong></span> <span class='ocrx_word' id='word_1_248' title='bbox 387 2888 493 2948; x_wconf 60' lang='lat' dir='ltr'><strong>qustum.</strong></span> <span class='ocrx_word' id='word_1_249' title='bbox 526 2885 590 2933; x_wconf 87' lang='lat' dir='ltr'><strong>anu</strong></span> <span class='ocrx_word' id='word_1_250' title='bbox 604 2895 706 2949; x_wconf 84' lang='lat' dir='ltr'><strong>reptem</strong></span> <span class='ocrx_word' id='word_1_251' title='bbox 719 2886 823 2935; x_wconf 79' lang='lat' dir='ltr'><strong>Oxonn.</strong></span> <span class='ocrx_word' id='word_1_252' title='bbox 833 2886 897 2935; x_wconf 80' lang='lat' dir='ltr'><strong>Mra.</strong></span> <span class='ocrx_word' id='word_1_253' title='bbox 908 2886 987 2934; x_wconf 79' lang='lat' dir='ltr'><strong>Voss.</strong></span> <span class='ocrx_word' id='word_1_254' title='bbox 1001 2890 1023 2933; x_wconf 91' lang='grc'><strong>1.</strong></span> <span class='ocrx_word' id='word_1_255' title='bbox 1037 2883 1107 2934; x_wconf 79' lang='lat' dir='ltr'><strong>Leid-</strong></span> <span class='ocrx_word' id='word_1_256' title='bbox 1121 2890 1143 2935; x_wconf 90' lang='lat' dir='ltr'><strong>l.</strong></span> <span class='ocrx_word' id='word_1_257' title='bbox 1154 2885 1217 2933; x_wconf 84' lang='lat' dir='ltr'><strong>Tur.</strong></span> <span class='ocrx_word' id='word_1_258' title='bbox 1229 2884 1288 2933; x_wconf 82' lang='lat' dir='ltr'><strong>Ald.</strong></span> <span class='ocrx_word' id='word_1_259' title='bbox 1298 2883 1377 2935; x_wconf 85' lang='lat' dir='ltr'><strong>Juut.</strong></span> 
     </span>
     <span class='ocr_line' id='line_1_29' title="bbox 279 2948 1375 3013; baseline -0.003 -12"><span class='ocrx_word' id='word_1_260' title='bbox 279 2954 350 3001; x_wconf 86' lang='lat' dir='ltr'><strong>Crat.</strong></span> <span class='ocrx_word' id='word_1_261' title='bbox 369 2950 459 2999; x_wconf 82' lang='lat' dir='ltr'><strong>Lamb.</strong></span> <span class='ocrx_word' id='word_1_262' title='bbox 477 2950 549 2999; x_wconf 85' lang='lat' dir='ltr'><strong>Olir.</strong></span> <span class='ocrx_word' id='word_1_263' title='bbox 568 2948 647 3000; x_wconf 75' lang='lat' dir='ltr'><strong>Grai.</strong></span> <span class='ocrx_word' id='word_1_264' title='bbox 666 2960 694 3001; x_wconf 86' lang='lat' dir='ltr'><strong>et</strong></span> <span class='ocrx_word' id='word_1_265' title='bbox 710 2950 776 2998; x_wconf 81' lang='lat' dir='ltr'><strong>Lall.</strong></span> <span class='ocrx_word' id='word_1_266' title='bbox 793 2950 947 3013; x_wconf 69' lang='grc' dir='ltr'><strong>ιἰιιρικσιιιιι</strong></span> <span class='ocrx_word' id='word_1_267' title='bbox 963 2952 1038 2999; x_wconf 78' lang='lat' dir='ltr'><strong>Voss.</strong></span> <span class='ocrx_word' id='word_1_268' title='bbox 1048 2954 1074 2999; x_wconf 53' lang='grc' dir='ltr'><strong>ἢ.</strong></span> <span class='ocrx_word' id='word_1_269' title='bbox 1085 2950 1193 3011; x_wconf 77' lang='lat' dir='ltr'><strong>aspexit:</strong></span> <span class='ocrx_word' id='word_1_270' title='bbox 1210 2950 1266 3003; x_wconf 75' lang='lat' dir='ltr'><strong>La.</strong></span> <span class='ocrx_word' id='word_1_271' title='bbox 1280 2949 1375 2998; x_wconf 83' lang='lat' dir='ltr'><strong>Duirb.</strong></span> 
     </span>
     <span class='ocr_line' id='line_1_30' title="bbox 280 3013 1376 3080; baseline -0.002 -15"><span class='ocrx_word' id='word_1_272' title='bbox 280 3016 337 3065; x_wconf 79' lang='lat' dir='ltr'><strong>Eri.</strong></span> <span class='ocrx_word' id='word_1_273' title='bbox 353 3014 449 3065; x_wconf 82' lang='lat' dir='ltr'><strong>Cauch·</strong></span> <span class='ocrx_word' id='word_1_274' title='bbox 468 3014 533 3067; x_wconf 77' lang='lat' dir='ltr'><strong>dun.</strong></span> <span class='ocrx_word' id='word_1_275' title='bbox 550 3022 578 3063; x_wconf 85' lang='lat' dir='ltr'><strong>et</strong></span> <span class='ocrx_word' id='word_1_276' title='bbox 593 3018 680 3065; x_wconf 82' lang='lat' dir='ltr'><strong>nrrrltrr</strong></span> <span class='ocrx_word' id='word_1_277' title='bbox 693 3016 752 3065; x_wconf 87' lang='lat' dir='ltr'><strong>edd.</strong></span> <span class='ocrx_word' id='word_1_278' title='bbox 764 3018 848 3077; x_wconf 79' lang='lat' dir='ltr'><strong>(teate</strong></span> <span class='ocrx_word' id='word_1_279' title='bbox 859 3014 985 3080; x_wconf 58' lang='lat' dir='ltr'><strong>(ituria)</strong></span> <span class='ocrx_word' id='word_1_280' title='bbox 996 3028 1053 3063; x_wconf 84' lang='lat' dir='ltr'><strong>cunr</strong></span> <span class='ocrx_word' id='word_1_281' title='bbox 1066 3013 1257 3063; x_wconf 69' lang='lat' dir='ltr'><strong>Grau-llum.</strong></span> <span class='ocrx_word' id='word_1_282' title='bbox 1269 3014 1376 3063; x_wconf 70' lang='lat' dir='ltr'><strong>Schult-</strong></span> 
     </span>
     <span class='ocr_line' id='line_1_31' title="bbox 279 3077 1377 3145; baseline -0.002 -16"><span class='ocrx_word' id='word_1_283' title='bbox 279 3081 388 3130; x_wconf 81' lang='lat' dir='ltr'><strong>Wetael.</strong></span> <span class='ocrx_word' id='word_1_284' title='bbox 401 3088 429 3130; x_wconf 88' lang='lat' dir='ltr'><strong>et</strong></span> <span class='ocrx_word' id='word_1_285' title='bbox 441 3079 524 3131; x_wconf 83' lang='lat' dir='ltr'><strong>Orell.</strong></span> <span class='ocrx_word' id='word_1_286' title='bbox 540 3084 723 3143; x_wconf 63' lang='lat' dir='ltr'><strong>spueret-7</strong></span> <span class='ocrx_word' id='word_1_287' title='bbox 741 3082 815 3130; x_wconf 76' lang='lat' dir='ltr'><strong>Leid.</strong></span> <span class='ocrx_word' id='word_1_288' title='bbox 825 3085 849 3130; x_wconf 76' lang='lat'><strong>8.</strong></span> <span class='ocrx_word' id='word_1_289' title='bbox 859 3080 1000 3145; x_wconf 72' lang='lat' dir='ltr'><strong>itaqua-8</strong></span> <span class='ocrx_word' id='word_1_290' title='bbox 1017 3077 1254 3142; x_wconf 61' lang='lat' dir='ltr'><strong>‘surrepserunt</strong></span> <span class='ocrx_word' id='word_1_291' title='bbox 1271 3078 1302 3127; x_wconf 89' lang='lat' dir='ltr'><strong>lu</strong></span> <span class='ocrx_word' id='word_1_292' title='bbox 1313 3094 1377 3141; x_wconf 78' lang='lat' dir='ltr'><strong>qur·</strong></span> 
     </span>
     <span class='ocr_line' id='line_1_32' title="bbox 278 3143 1375 3211; baseline -0.001 -17"><span class='ocrx_word' id='word_1_293' title='bbox 278 3156 338 3195; x_wconf 87' lang='lat' dir='ltr'><strong>tuor</strong></span> <span class='ocrx_word' id='word_1_294' title='bbox 353 3147 417 3195; x_wconf 78' lang='lat' dir='ltr'><strong>Mn.</strong></span> <span class='ocrx_word' id='word_1_295' title='bbox 429 3145 510 3204; x_wconf 73' lang='lat' dir='ltr'><strong>libris,</strong></span> <span class='ocrx_word' id='word_1_296' title='bbox 521 3146 611 3195; x_wconf 82' lang='lat' dir='ltr'><strong>eodem</strong></span> <span class='ocrx_word' id='word_1_297' title='bbox 623 3159 759 3200; x_wconf 78' lang='lat' dir='ltr'><strong>consensu,</strong></span> <span class='ocrx_word' id='word_1_298' title='bbox 770 3145 1007 3211; x_wconf 61' lang='lat' dir='ltr'><strong>aequamentum,</strong></span> <span class='ocrx_word' id='word_1_299' title='bbox 1018 3143 1145 3206; x_wconf 84' lang='lat' dir='ltr'><strong>scripturn</strong></span> <span class='ocrx_word' id='word_1_300' title='bbox 1158 3146 1298 3204; x_wconf 78' lang='lat' dir='ltr'><strong>inuenitur,</strong></span> <span class='ocrx_word' id='word_1_301' title='bbox 1310 3159 1375 3207; x_wconf 82' lang='lat' dir='ltr'><strong>qno·</strong></span> 
     </span>
     <span class='ocr_line' id='line_1_33' title="bbox 279 3208 1377 3271; baseline 0 -12"><span class='ocrx_word' id='word_1_302' title='bbox 279 3212 355 3261; x_wconf 79' lang='lat' dir='ltr'><strong>ruodo</strong></span> <span class='ocrx_word' id='word_1_303' title='bbox 377 3210 466 3261; x_wconf 71' lang='lat' dir='ltr'><strong>bamb.</strong></span> <span class='ocrx_word' id='word_1_304' title='bbox 484 3212 576 3261; x_wconf 86' lang='lat' dir='ltr'><strong>edidit.</strong></span> <span class='ocrx_word' id='word_1_305' title='bbox 610 3212 716 3261; x_wconf 66' lang='lat' dir='ltr'><strong>honio.</strong></span> <span class='ocrx_word' id='word_1_306' title='bbox 732 3211 792 3261; x_wconf 80' lang='lat' dir='ltr'><strong>Ald.</strong></span> <span class='ocrx_word' id='word_1_307' title='bbox 805 3212 904 3261; x_wconf 84' lang='lat' dir='ltr'><strong>Victor.</strong></span> <span class='ocrx_word' id='word_1_308' title='bbox 921 3210 1021 3259; x_wconf 85' lang='lat' dir='ltr'><strong>Manat.</strong></span> <span class='ocrx_word' id='word_1_309' title='bbox 1036 3208 1153 3271; x_wconf 79' lang='lat' dir='ltr'><strong>Lugduni</strong></span> <span class='ocrx_word' id='word_1_310' title='bbox 1165 3218 1191 3258; x_wconf 85' lang='lat' dir='ltr'><strong>et</strong></span> <span class='ocrx_word' id='word_1_311' title='bbox 1205 3208 1316 3259; x_wconf 71' lang='lat' dir='ltr'><strong>Lutetia:</strong></span> <span class='ocrx_word' id='word_1_312' title='bbox 1328 3210 1377 3259; x_wconf 85' lang='lat' dir='ltr'><strong>im·</strong></span> 
     </span>
     <span class='ocr_line' id='line_1_34' title="bbox 279 3274 1377 3340; baseline -0.003 -16"><span class='ocrx_word' id='word_1_313' title='bbox 279 3278 361 3339; x_wconf 77' lang='lat' dir='ltr'><strong>presai</strong></span> <span class='ocrx_word' id='word_1_314' title='bbox 384 3277 505 3326; x_wconf 64' lang='lat' dir='ltr'><strong>tomum</strong></span> <span class='ocrx_word' id='word_1_315' title='bbox 525 3276 631 3325; x_wconf 77' lang='lat' dir='ltr'><strong>liabent.</strong></span> <span class='ocrx_word' id='word_1_316' title='bbox 663 3276 828 3340; x_wconf 85' lang='lat' dir='ltr'><strong>Ubicumque</strong></span> <span class='ocrx_word' id='word_1_317' title='bbox 849 3290 908 3326; x_wconf 85' lang='lat' dir='ltr'><strong>vero</strong></span> <span class='ocrx_word' id='word_1_318' title='bbox 931 3276 955 3323; x_wconf 90' lang='lat' dir='ltr'><strong>in</strong></span> <span class='ocrx_word' id='word_1_319' title='bbox 979 3276 1110 3338; x_wconf 79' lang='lat' dir='ltr'><strong>impressis</strong></span> <span class='ocrx_word' id='word_1_320' title='bbox 1132 3274 1238 3333; x_wconf 75' lang='lat' dir='ltr'><strong>inscitia,</strong></span> <span class='ocrx_word' id='word_1_321' title='bbox 1260 3274 1285 3322; x_wconf 92' lang='lat' dir='ltr'><strong>in</strong></span> <span class='ocrx_word' id='word_1_322' title='bbox 1308 3274 1377 3323; x_wconf 77' lang='lat' dir='ltr'><strong>Mer.</strong></span> 
     </span>
     <span class='ocr_line' id='line_1_35' title="bbox 278 3338 1377 3405; baseline -0.005 -12"><span class='ocrx_word' id='word_1_323' title='bbox 278 3342 405 3393; x_wconf 65' lang='lat' dir='ltr'><strong>meatu</strong></span> <span class='ocrx_word' id='word_1_324' title='bbox 424 3341 537 3405; x_wconf 54' lang='lat' dir='ltr'><strong>legit-rt</strong></span> <span class='ocrx_word' id='word_1_325' title='bbox 554 3342 628 3391; x_wconf 79' lang='lat' dir='ltr'><strong>Brut·</strong></span> <span class='ocrx_word' id='word_1_326' title='bbox 658 3344 765 3403; x_wconf 83' lang='lat' dir='ltr'><strong>Septem</strong></span> <span class='ocrx_word' id='word_1_327' title='bbox 786 3342 890 3391; x_wconf 78' lang='lat' dir='ltr'><strong>annu.</strong></span> <span class='ocrx_word' id='word_1_328' title='bbox 913 3341 976 3389; x_wconf 80' lang='grc' dir='ltr'><strong>Μιι.</strong></span> <span class='ocrx_word' id='word_1_329' title='bbox 996 3342 1067 3388; x_wconf 81' lang='lat' dir='ltr'><strong>l&#39;ors.</strong></span> <span class='ocrx_word' id='word_1_330' title='bbox 1083 3344 1108 3389; x_wconf 59' lang='grc' dir='ltr'><strong>ὓ.</strong></span> <span class='ocrx_word' id='word_1_331' title='bbox 1128 3348 1155 3388; x_wconf 82' lang='lat' dir='ltr'><strong>et</strong></span> <span class='ocrx_word' id='word_1_332' title='bbox 1170 3340 1258 3388; x_wconf 75' lang='lat' dir='ltr'><strong>mults:</strong></span> <span class='ocrx_word' id='word_1_333' title='bbox 1270 3338 1330 3387; x_wconf 91' lang='lat' dir='ltr'><strong>edd.</strong></span> <span class='ocrx_word' id='word_1_334' title='bbox 1343 3355 1377 3389; x_wconf 80' lang='lat' dir='ltr'><strong>rc</strong></span> 
     </span>
     <span class='ocr_line' id='line_1_36' title="bbox 279 3404 1378 3470; baseline -0.001 -15"><span class='ocrx_word' id='word_1_335' title='bbox 279 3408 358 3457; x_wconf 83' lang='lat' dir='ltr'><strong>etirrn</strong></span> <span class='ocrx_word' id='word_1_336' title='bbox 379 3407 483 3456; x_wconf 82' lang='lat' dir='ltr'><strong>Orunib.</strong></span> <span class='ocrx_word' id='word_1_337' title='bbox 500 3406 575 3457; x_wconf 82' lang='lat' dir='ltr'><strong>lunt.</strong></span> <span class='ocrx_word' id='word_1_338' title='bbox 593 3406 664 3457; x_wconf 80' lang='lat' dir='ltr'><strong>Crat.</strong></span> <span class='ocrx_word' id='word_1_339' title='bbox 684 3414 711 3455; x_wconf 83' lang='lat' dir='ltr'><strong>et</strong></span> <span class='ocrx_word' id='word_1_340' title='bbox 731 3406 803 3456; x_wconf 88' lang='lat' dir='ltr'><strong>Olir.</strong></span> <span class='ocrx_word' id='word_1_341' title='bbox 814 3412 884 3470; x_wconf 77' lang='lat' dir='ltr'><strong>utque</strong></span> <span class='ocrx_word' id='word_1_342' title='bbox 899 3406 1032 3454; x_wconf 77' lang='lat' dir='ltr'><strong>instillent:</strong></span> <span class='ocrx_word' id='word_1_343' title='bbox 1050 3405 1124 3453; x_wconf 82' lang='lat' dir='ltr'><strong>Voss.</strong></span> <span class='ocrx_word' id='word_1_344' title='bbox 1137 3408 1160 3453; x_wconf 89' lang='lat' dir='ltr'><strong>l.</strong></span> <span class='ocrx_word' id='word_1_345' title='bbox 1177 3410 1200 3454; x_wconf 82' lang='lat' dir='ltr'><strong>et</strong></span> <span class='ocrx_word' id='word_1_346' title='bbox 1211 3404 1378 3454; x_wconf 76' lang='lat' dir='ltr'><strong>inscientiam:</strong></span> 
     </span>
     <span class='ocr_line' id='line_1_37' title="bbox 278 3468 1379 3523; baseline -0.004 0"><span class='ocrx_word' id='word_1_347' title='bbox 278 3492 298 3523; x_wconf 86' lang='lat' dir='ltr'><strong>rr</strong></span> <span class='ocrx_word' id='word_1_348' title='bbox 309 3477 333 3522; x_wconf 90' lang='lat' dir='ltr'><strong>l.</strong></span> <span class='ocrx_word' id='word_1_349' title='bbox 344 3476 369 3521; x_wconf 62' lang='grc' dir='ltr'><strong>Ξ.</strong></span> <span class='ocrx_word' id='word_1_350' title='bbox 382 3472 449 3521; x_wconf 80' lang='lat' dir='ltr'><strong>Pali.</strong></span> <span class='ocrx_word' id='word_1_351' title='bbox 465 3476 490 3523; x_wconf 64' lang='grc' dir='ltr'><strong>Β.</strong></span> <span class='ocrx_word' id='word_1_352' title='bbox 507 3474 532 3521; x_wconf 75' lang='lat'><strong>8.</strong></span> <span class='ocrx_word' id='word_1_353' title='bbox 548 3471 629 3520; x_wconf 84' lang='lat' dir='ltr'><strong>Grer.</strong></span> <span class='ocrx_word' id='word_1_354' title='bbox 647 3472 726 3520; x_wconf 81' lang='lat' dir='ltr'><strong>Fabr.</strong></span> <span class='ocrx_word' id='word_1_355' title='bbox 745 3470 800 3520; x_wconf 81' lang='lat' dir='ltr'><strong>Eri.</strong></span> <span class='ocrx_word' id='word_1_356' title='bbox 817 3470 909 3519; x_wconf 81' lang='lat' dir='ltr'><strong>Duirb.</strong></span> <span class='ocrx_word' id='word_1_357' title='bbox 921 3470 981 3519; x_wconf 82' lang='lat' dir='ltr'><strong>Tur.</strong></span> <span class='ocrx_word' id='word_1_358' title='bbox 994 3469 1083 3518; x_wconf 84' lang='lat' dir='ltr'><strong>Lamb.</strong></span> <span class='ocrx_word' id='word_1_359' title='bbox 1094 3469 1172 3518; x_wconf 84' lang='lat' dir='ltr'><strong>Grut.</strong></span> <span class='ocrx_word' id='word_1_360' title='bbox 1185 3468 1379 3519; x_wconf 68' lang='lat' dir='ltr'><strong>Gran-Burro.</strong></span> 
     </span>
     <span class='ocr_line' id='line_1_38' title="bbox 279 3534 1376 3600; baseline -0.005 -13"><span class='ocrx_word' id='word_1_361' title='bbox 279 3538 343 3587; x_wconf 70' lang='lat' dir='ltr'><strong>Lali.</strong></span> <span class='ocrx_word' id='word_1_362' title='bbox 353 3536 458 3587; x_wconf 80' lang='lat' dir='ltr'><strong>Sobata.</strong></span> <span class='ocrx_word' id='word_1_363' title='bbox 466 3537 576 3587; x_wconf 77' lang='lat' dir='ltr'><strong>Wetsel.</strong></span> <span class='ocrx_word' id='word_1_364' title='bbox 587 3545 615 3587; x_wconf 81' lang='lat' dir='ltr'><strong>et</strong></span> <span class='ocrx_word' id='word_1_365' title='bbox 624 3536 706 3586; x_wconf 85' lang='lat' dir='ltr'><strong>Orell.</strong></span> <span class='ocrx_word' id='word_1_366' title='bbox 717 3541 789 3600; x_wconf 74' lang='lat' dir='ltr'><strong>atque</strong></span> <span class='ocrx_word' id='word_1_367' title='bbox 799 3535 1004 3586; x_wconf 68' lang='lat' dir='ltr'><strong>inscientium-9</strong></span> <span class='ocrx_word' id='word_1_368' title='bbox 1013 3534 1074 3585; x_wconf 84' lang='lat' dir='ltr'><strong>Jun.</strong></span> <span class='ocrx_word' id='word_1_369' title='bbox 1089 3534 1302 3598; x_wconf 61' lang='lat' dir='ltr'><strong>perniciosis-4⁰</strong></span> <span class='ocrx_word' id='word_1_370' title='bbox 1314 3534 1376 3585; x_wconf 83' lang='lat' dir='ltr'><strong>Pal.</strong></span> 
     </span>
    </p>
   </div>
   <div class='ocr_carea' id='block_1_6' title="bbox 770 3654 877 3707">
    <p class='ocr_par' dir='ltr' id='par_1_6' title="bbox 770 3654 877 3707">
     <span class='ocr_line' id='line_1_39' title="bbox 770 3654 877 3707; baseline 0.019 -2"><span class='ocrx_word' id='word_1_371' title='bbox 770 3654 877 3707; x_wconf 68' lang='lat' dir='ltr'><strong>Nom</strong></span> 
     </span>
    </p>
   </div>
   <div class='ocr_carea' id='block_1_7' title="bbox 253 3740 1378 4275">
    <p class='ocr_par' dir='ltr' id='par_1_7' title="bbox 280 3740 1378 3886">
     <span class='ocr_line' id='line_1_40' title="bbox 311 3740 1378 3811; baseline 0.005 -18"><span class='ocrx_word' id='word_1_372' title='bbox 311 3750 323 3776; x_wconf 72' lang='lat'>⁸</span> <span class='ocrx_word' id='word_1_373' title='bbox 339 3742 479 3793; x_wconf 70' lang='lat' dir='ltr'><strong>Bestiarum</strong></span> <span class='ocrx_word' id='word_1_374' title='bbox 493 3740 573 3806; x_wconf 75' lang='lat' dir='ltr'><strong>nodo]</strong></span> <span class='ocrx_word' id='word_1_375' title='bbox 588 3742 664 3795; x_wconf 83' lang='lat' dir='ltr'><strong>Quod</strong></span> <span class='ocrx_word' id='word_1_376' title='bbox 685 3743 807 3794; x_wconf 75' lang='lat' dir='ltr'><strong>Evander</strong></span> <span class='ocrx_word' id='word_1_377' title='bbox 846 3752 949 3810; x_wconf 80' lang='lat' dir='ltr'><strong>norant,</strong></span> <span class='ocrx_word' id='word_1_378' title='bbox 960 3751 1006 3796; x_wconf 83' lang='lat' dir='ltr'><strong>aut</strong></span> <span class='ocrx_word' id='word_1_379' title='bbox 1017 3760 1123 3811; x_wconf 86' lang='lat' dir='ltr'><strong>prrcere</strong></span> <span class='ocrx_word' id='word_1_380' title='bbox 1135 3755 1227 3811; x_wconf 83' lang='lat' dir='ltr'><strong>parto:</strong></span> <span class='ocrx_word' id='word_1_381' title='bbox 1245 3745 1298 3797; x_wconf 80' lang='lat' dir='ltr'><strong>Sed</strong></span> <span class='ocrx_word' id='word_1_382' title='bbox 1310 3748 1378 3798; x_wconf 76' lang='lat' dir='ltr'><strong>rausi</strong></span> 
     </span>
     <span class='ocr_line' id='line_1_41' title="bbox 280 3818 1332 3886; baseline 0.003 -15"><span class='ocrx_word' id='word_1_383' title='bbox 280 3820 349 3884; x_wconf 83' lang='lat' dir='ltr'><strong>apud</strong></span> <span class='ocrx_word' id='word_1_384' title='bbox 370 3820 463 3880; x_wconf 64' lang='lat' dir='ltr'><strong>virgil.</strong></span> <span class='ocrx_word' id='word_1_385' title='bbox 475 3818 531 3869; x_wconf 75' lang='lat' dir='ltr'><strong>AEn.</strong></span> <span class='ocrx_word' id='word_1_386' title='bbox 545 3833 607 3869; x_wconf 85' lang='grc' dir='ltr'><strong>ιιιιι.</strong></span> <span class='ocrx_word' id='word_1_387' title='bbox 624 3821 663 3871; x_wconf 86' lang='lat' dir='ltr'><strong>rie</strong></span> <span class='ocrx_word' id='word_1_388' title='bbox 682 3822 806 3885; x_wconf 79' lang='lat' dir='ltr'><strong>exponit:</strong></span> <span class='ocrx_word' id='word_1_389' title='bbox 846 3830 925 3886; x_wconf 85' lang='lat' dir='ltr'><strong>atque</strong></span> <span class='ocrx_word' id='word_1_390' title='bbox 937 3836 1014 3885; x_wconf 78' lang='lat' dir='ltr'><strong>arper</strong></span> <span class='ocrx_word' id='word_1_391' title='bbox 1026 3826 1095 3873; x_wconf 82' lang='lat' dir='ltr'><strong>victu</strong></span> <span class='ocrx_word' id='word_1_392' title='bbox 1108 3832 1215 3874; x_wconf 76' lang='lat' dir='ltr'><strong>venatus</strong></span> <span class='ocrx_word' id='word_1_393' title='bbox 1226 3823 1332 3874; x_wconf 65' lang='lat' dir='ltr'><strong>elebat!</strong></span> 
     </span>
    </p>

    <p class='ocr_par' dir='ltr' id='par_1_8' title="bbox 277 3896 1376 3964">
     <span class='ocr_line' id='line_1_42' title="bbox 277 3896 1376 3964; baseline 0.005 -18"><span class='ocrx_word' id='word_1_394' title='bbox 277 3899 286 3923; x_wconf 88' lang='lat'>‘</span> <span class='ocrx_word' id='word_1_395' title='bbox 299 3896 366 3947; x_wconf 77' lang='lat' dir='ltr'><strong>liaec</strong></span> <span class='ocrx_word' id='word_1_396' title='bbox 376 3911 482 3946; x_wconf 78' lang='lat' dir='ltr'><strong>nemora</strong></span> <span class='ocrx_word' id='word_1_397' title='bbox 491 3896 621 3961; x_wconf 69' lang='lat' dir='ltr'><strong>indigente</strong></span> <span class='ocrx_word' id='word_1_398' title='bbox 631 3896 712 3947; x_wconf 78' lang='lat' dir='ltr'><strong>Fauni</strong></span> <span class='ocrx_word' id='word_1_399' title='bbox 723 3898 807 3962; x_wconf 82' lang='lat' dir='ltr'><strong>Nym·</strong></span> <span class='ocrx_word' id='word_1_400' title='bbox 880 3896 889 3931; x_wconf 79' lang='lat'><em>¹</em></span> <span class='ocrx_word' id='word_1_401' title='bbox 902 3900 1008 3959; x_wconf 70' lang='lat' dir='ltr'><strong>Munus</strong></span> <span class='ocrx_word' id='word_1_402' title='bbox 1017 3900 1124 3951; x_wconf 66' lang='lat' dir='ltr'><strong>ridetur!</strong></span> <span class='ocrx_word' id='word_1_403' title='bbox 1141 3900 1192 3964; x_wconf 85' lang='lat' dir='ltr'><strong>cir]</strong></span> <span class='ocrx_word' id='word_1_404' title='bbox 1209 3901 1287 3951; x_wconf 82' lang='lat' dir='ltr'><strong>lianc</strong></span> <span class='ocrx_word' id='word_1_405' title='bbox 1297 3901 1376 3951; x_wconf 81' lang='lat' dir='ltr'><strong>Tullii</strong></span> 
     </span>
    </p>

    <p class='ocr_par' dir='ltr' id='par_1_9' title="bbox 280 3972 1377 4037">
     <span class='ocr_line' id='line_1_43' title="bbox 280 3972 1377 4037; baseline 0.005 -16"><span class='ocrx_word' id='word_1_406' title='bbox 280 3973 389 4036; x_wconf 74' lang='lat' dir='ltr'><strong>pboeque</strong></span> <span class='ocrx_word' id='word_1_407' title='bbox 412 3973 545 4030; x_wconf 74' lang='lat' dir='ltr'><strong>tenebam.</strong></span> <span class='ocrx_word' id='word_1_408' title='bbox 571 3972 696 4037; x_wconf 82' lang='lat' dir='ltr'><strong>(iensque</strong></span> <span class='ocrx_word' id='word_1_409' title='bbox 723 3974 807 4022; x_wconf 82' lang='lat' dir='ltr'><strong>virum</strong></span> <span class='ocrx_word' id='word_1_410' title='bbox 847 3976 1001 4026; x_wconf 82' lang='lat' dir='ltr'><strong>sententiam</strong></span> <span class='ocrx_word' id='word_1_411' title='bbox 1025 3977 1134 4027; x_wconf 79' lang='lat' dir='ltr'><strong>Quintil.</strong></span> <span class='ocrx_word' id='word_1_412' title='bbox 1157 3990 1202 4026; x_wconf 90' lang='grc' dir='ltr'><strong>ιιι.</strong></span> <span class='ocrx_word' id='word_1_413' title='bbox 1223 3981 1249 4027; x_wconf 76' lang='lat'><strong>2.</strong></span> <span class='ocrx_word' id='word_1_414' title='bbox 1271 3979 1377 4028; x_wconf 80' lang='lat' dir='ltr'><strong>minime</strong></span> 
     </span>
    </p>

    <p class='ocr_par' dir='ltr' id='par_1_10' title="bbox 253 4049 1376 4118">
     <span class='ocr_line' id='line_1_44' title="bbox 253 4049 1376 4118; baseline 0.008 -21"><span class='ocrx_word' id='word_1_415' title='bbox 253 4053 255 4056; x_wconf 85' lang='lat'>&#39;</span> <span class='ocrx_word' id='word_1_416' title='bbox 280 4050 378 4098; x_wconf 80' lang='lat' dir='ltr'><strong>truncis</strong></span> <span class='ocrx_word' id='word_1_417' title='bbox 400 4057 427 4099; x_wconf 87' lang='lat' dir='ltr'><strong>et</strong></span> <span class='ocrx_word' id='word_1_418' title='bbox 448 4049 513 4099; x_wconf 89' lang='lat' dir='ltr'><strong>duro</strong></span> <span class='ocrx_word' id='word_1_419' title='bbox 534 4050 627 4099; x_wconf 84' lang='lat' dir='ltr'><strong>robore</strong></span> <span class='ocrx_word' id='word_1_420' title='bbox 645 4059 723 4100; x_wconf 84' lang='lat' dir='ltr'><strong>nata:</strong></span> <span class='ocrx_word' id='word_1_421' title='bbox 741 4050 807 4101; x_wconf 82' lang='lat' dir='ltr'><strong>Quis</strong></span> <span class='ocrx_word' id='word_1_422' title='bbox 847 4052 958 4117; x_wconf 79' lang='lat' dir='ltr'><strong>probat:</strong></span> <span class='ocrx_word' id='word_1_423' title='bbox 977 4058 1052 4113; x_wconf 61' lang='lat' dir='ltr'><strong>{cum</strong></span> <span class='ocrx_word' id='word_1_424' title='bbox 1070 4051 1141 4114; x_wconf 82' lang='lat' dir='ltr'><strong>sint,&#39;</strong></span> <span class='ocrx_word' id='word_1_425' title='bbox 1158 4054 1249 4118; x_wconf 84' lang='lat' dir='ltr'><strong>inquit.</strong></span> <span class='ocrx_word' id='word_1_426' title='bbox 1274 4054 1376 4106; x_wconf 79' lang='lat' dir='ltr'><strong>&#39;adbuc</strong></span> 
     </span>
    </p>

    <p class='ocr_par' dir='ltr' id='par_1_11' title="bbox 279 4128 1376 4193">
     <span class='ocr_line' id='line_1_45' title="bbox 279 4128 1376 4193; baseline 0.008 -20"><span class='ocrx_word' id='word_1_427' title='bbox 279 4139 364 4188; x_wconf 83' lang='lat' dir='ltr'><strong>neque</strong></span> <span class='ocrx_word' id='word_1_428' title='bbox 386 4140 441 4175; x_wconf 87' lang='lat' dir='ltr'><strong>mor</strong></span> <span class='ocrx_word' id='word_1_429' title='bbox 459 4140 546 4191; x_wconf 87' lang='lat' dir='ltr'><strong>neque</strong></span> <span class='ocrx_word' id='word_1_430' title='bbox 564 4128 649 4177; x_wconf 85' lang='lat' dir='ltr'><strong>cultor</strong></span> <span class='ocrx_word' id='word_1_431' title='bbox 667 4135 741 4187; x_wconf 81' lang='lat' dir='ltr'><strong>erat:</strong></span> <span class='ocrx_word' id='word_1_432' title='bbox 759 4142 808 4177; x_wconf 84' lang='lat' dir='ltr'><strong>uec</strong></span> <span class='ocrx_word' id='word_1_433' title='bbox 848 4128 965 4193; x_wconf 75' lang='lat' dir='ltr'><strong>qrraedrnr</strong></span> <span class='ocrx_word' id='word_1_434' title='bbox 978 4143 1050 4192; x_wconf 78' lang='lat' dir='ltr'><strong>vager</strong></span> <span class='ocrx_word' id='word_1_435' title='bbox 1061 4130 1150 4179; x_wconf 85' lang='lat' dir='ltr'><strong>etriue</strong></span> <span class='ocrx_word' id='word_1_436' title='bbox 1161 4130 1265 4180; x_wconf 80' lang='lat' dir='ltr'><strong>urbibus</strong></span> <span class='ocrx_word' id='word_1_437' title='bbox 1276 4146 1307 4181; x_wconf 85' lang='lat' dir='ltr'><strong>ac</strong></span> <span class='ocrx_word' id='word_1_438' title='bbox 1319 4132 1376 4183; x_wconf 79' lang='lat' dir='ltr'><strong>rius</strong></span> 
     </span>
    </p>

    <p class='ocr_par' dir='ltr' id='par_1_12' title="bbox 273 4200 1375 4275">
     <span class='ocr_line' id='line_1_46' title="bbox 273 4200 1375 4275; baseline 0.008 -25"><span class='ocrx_word' id='word_1_439' title='bbox 273 4200 384 4265; x_wconf 75' lang='lat' dir='ltr'><strong>jungere</strong></span> <span class='ocrx_word' id='word_1_440' title='bbox 395 4211 491 4264; x_wconf 80' lang='lat' dir='ltr'><strong>tauros,</strong></span> <span class='ocrx_word' id='word_1_441' title='bbox 503 4202 557 4252; x_wconf 80' lang='lat' dir='ltr'><strong>Aut</strong></span> <span class='ocrx_word' id='word_1_442' title='bbox 571 4217 727 4267; x_wconf 81' lang='lat' dir='ltr'><strong>componere</strong></span> <span class='ocrx_word' id='word_1_443' title='bbox 744 4216 808 4269; x_wconf 80' lang='lat' dir='ltr'><strong>opes</strong></span> <span class='ocrx_word' id='word_1_444' title='bbox 847 4204 948 4269; x_wconf 78' lang='lat' dir='ltr'><strong>legibus</strong></span> <span class='ocrx_word' id='word_1_445' title='bbox 960 4210 1062 4268; x_wconf 67' lang='lat' dir='ltr'><strong>gentes,</strong></span> <span class='ocrx_word' id='word_1_446' title='bbox 1073 4212 1099 4255; x_wconf 87' lang='lat' dir='ltr'><strong>et</strong></span> <span class='ocrx_word' id='word_1_447' title='bbox 1118 4215 1205 4258; x_wconf 80' lang='lat' dir='ltr'><strong>tamen</strong></span> <span class='ocrx_word' id='word_1_448' title='bbox 1214 4206 1257 4275; x_wconf 86' lang='lat' dir='ltr'><strong>qui</strong></span> <span class='ocrx_word' id='word_1_449' title='bbox 1273 4214 1334 4258; x_wconf 85' lang='lat' dir='ltr'><strong>sunt</strong></span> <span class='ocrx_word' id='word_1_450' title='bbox 1349 4208 1375 4259; x_wconf 88' lang='lat' dir='ltr'><strong>iu</strong></span> 
     </span>
    </p>
   </div>
   <div class='ocr_carea' id='block_1_8' title="bbox 0 0 1576 4959">
    <p class='ocr_par' dir='ltr' id='par_1_13' title="bbox 0 0 1576 4959">
     <span class='ocr_line' id='line_1_47' title="bbox 0 0 1576 4959; baseline 0 0"><span class='ocrx_word' id='word_1_451' title='bbox 0 0 1576 4959; x_wconf 95' lang='lat' dir='ltr'><strong> </strong></span> 
     </span>
    </p>
   </div>
  </div>
 </body>
</html>
