3134 4959
515 420 566 470 us
588 419 778 475 onerosa,
803 420 826 469 r.
850 404 902 469 ll.
1195 406 1261 472 889

154 569 194 635 in
210 568 295 633 libro
308 566 343 631 in
357 566 422 631 hoc
435 565 581 631 maxime
602 563 793 631 admirabar
812 564 1002 643 Platonem,
1026 565 1115 649 quod
1132 567 1210 637 mihi
1225 569 1260 631 in

156 670 355 736 oratoribus
375 668 552 734 irridendis
565 669 641 752 ipse
662 686 742 732 esse
764 675 879 733 orator
900 687 1052 733 summus
1075 668 1259 735 videbatur.

156 774 267 839 Verbi
291 773 378 839 enim
405 772 657 837 conhoversia⁸
673 770 748 855 jam
769 771 828 835 diu
848 776 981 855 torquet
1000 770 1179 857 Graeculos
1202 772 1260 837 ho·

156 878 281 953 mines,
295 876 522 941 contentionis
536 874 743 958 cupidiores,
764 894 864 958 quam
881 874 1046 940 veritatis.
1088 874 1142 939 48.
1169 874 1260 939 Nam
1350 906 1357 917 .

157 981 192 1041 si
215 982 293 1061 quis
315 979 406 1045 hunc
430 979 570 1044 statuit⁷
592 998 669 1043 esse
689 986 868 1052 oratorem,
895 979 951 1061 qni
974 976 1203 1045 tantummodo
1226 980 1260 1043 in

153 1083 248 1163 jnre,
263 1088 324 1147 ant
337 1084 373 1146 in
382 1080 525 1166 judiciis
541 1082 663 1165 possit,
687 1086 748 1147 aut
769 1080 861 1165 apud
883 1080 1060 1165 populum,
1085 1087 1143 1146 aut
1157 1080 1191 1145 iu
1206 1101 1258 1145 se·

156 1193 243 1249 netu
267 1186 407 1269 copiose
426 1184 531 1269 loqui,
552 1190 663 1249 tsrnen
678 1183 757 1249 huic
782 1184 850 1267 ipsi
871 1183 977 1247 multa
992 1183 1116 1249 tribuat
1130 1191 1166 1247 et
1180 1203 1260 1247 cou-

158 1286 414 1352 cedatuecesse
428 1296 490 1352 est
534 1285 656 1370 Neque
678 1286 766 1349 euim
790 1288 865 1350 sine
878 1288 984 1353 murita
999 1286 1259 1370 pertractatione

159 1392 308 1455 omniurn
319 1389 791 1475 rerumpublicarum,⁸·neque
804 1390 876 1453 siue
888 1390 1009 1471 legum,
1023 1408 1164 1467 morum,
1173 1388 1260 1474 juris

158 1494 318 1572 scientia,
341 1512 449 1577 neque
465 1502 584 1557 natura
597 1491 769 1555 hominnm
784 1492 969 1573 incognita,
992 1511 1034 1556 ac
1049 1493 1210 1566 moribus,
1227 1491 1259 1557 iu

158 1593 214 1659 his
227 1595 315 1678 ipsis
328 1596 430 1660 rebus
445 1595 531 1660 satis
546 1594 670 1659 callide
685 1596 823 1671 umori,
838 1603 876 1662 et
890 1595 997 1676 perite
1013 1600 1152 1677 potest.⁹
1189 1592 1260 1673 Qui

158 1703 273 1762 autern
288 1698 362 1764 haec
377 1698 584 1783 cognoverit,
606 1698 679 1761 sine
692 1697 818 1782 quihus
841 1716 883 1760 ne
896 1695 955 1761 itte
970 1696 1106 1781 quidem
1122 1698 1261 1761 minima

157 1802 195 1869 in
217 1802 331 1865 causis
350 1802 530 1886 quisquam
550 1806 642 1865 recte
668 1800 753 1865 tueri
775 1805 900 1883 potest,
924 1798 1015 1883 quid
1030 1799 1108 1865 hnic
1134 1800 1258 1863 abesse

105 1888 109 1897 ’
157 1904 283 1987 poterit
297 1903 339 1967 de
361 1904 583 1967 maximarum
605 1919 712 1966 rerum
731 1899 898 1967 scientia!
943 1901 1003 1965 Sin
1020 1903 1160 1967 oratoris
1176 1900 1260 1965 nihil

158 2008 213 2069 vis
226 2025 312 2084 esse,
326 2006 393 2070 uisi
408 2006 610 2089 composite,
632 2013 759 2079 ornate,
782 2006 925 2088 copiose
938 2005 1069 2090 eloqui:
1083 2012 1108 2043 ¹⁰
1131 2023 1258 2088 quaero,

157 2107 194 2172 id
209 2108 321 2191 ipsum
338 2110 399 2191 qui
411 2109 524 2192 possit
537 2109 675 2191 assequi
689 2108 761 2171 sine
775 2126 817 2171 ea
832 2107 986 2185 scientia,
1011 2127 1110 2190 quani
1135 2107 1169 2171 ei
1191 2126 1260 2171 nou

158 2210 340 2275 concedist
353 2218 376 2249 ¹¹
422 2210 569 2275 Dicendi
588 2212 678 2275 euim
691 2210 811 2287 virtus,
826 2210 893 2275 nisi
907 2210 950 2287 ei,
967 2211 1026 2293 qui
1040 2208 1135 2286 dicit,
1150 2228 1200 2285 ea,
1217 2207 1259 2273 de

160 2313 282 2395 quibus
302 2313 398 2392 dicit,
413 2319 571 2397 percepta
585 2314 663 2390 sint,
678 2321 795 2376 extare
814 2331 879 2375 uon
895 2317 1018 2393 potest.
1058 2312 1113 2375 49.
1130 2310 1260 2388 Quam·

160 2416 286 2490 obrem,
310 2418 340 2479 si
364 2423 480 2480 ornate
508 2416 644 2480 locutus
666 2422 728 2490 est,
752 2416 841 2479 sicut
860 2403 1002 2492 fertur,¹²
1025 2419 1058 2477 et
1072 2414 1151 2477 mihi
1167 2412 1259 2477 vide·

159 2522 224 2595 tur,
250 2518 406 2603 physicus
427 2519 485 2582 ilie
506 2518 745 2600 Democritus3
768 2517 927 2581 materies
949 2516 1009 2581 itta
1031 2516 1095 2580 fuit
1115 2515 1258 2599 physici,

160 2619 201 2683 de
215 2640 284 2703 qua
298 2621 405 2686 dixit:
429 2628 569 2685 ornatus
583 2640 666 2686 vero
689 2620 765 2705 ipse
784 2622 974 2694 verborum,
992 2618 1138 2682 oratoris
1151 2624 1175 2663 ¹³
1198 2637 1259 2701 pu·

154 2723 278 2787 taudus
293 2732 356 2787 est.
401 2724 457 2800 Et,
482 2726 511 2788 si
531 2724 629 2789 Plato
645 2724 802 2788 derebus
818 2744 839 2787 a
854 2722 1008 2787 civilibus
1023 2721 1260 2786 controversiis

160 2826 405 2904 remotissimis,
433 2827 594 2892 divinitus
610 2834 660 2892 est
674 2828 819 2901 loeutus,
846 2824 938 2908 quod
958 2843 1020 2907 ego
1035 2822 1206 2889 concedo:
1229 2824 1260 2887 si

159 2932 237 2993 item
261 2928 487 3007 Aristoteles,⁰
507 2933 537 2995 si
561 2914 825 3014 Theophrastus,
847 2929 875 2993 si
893 2926 1084 2993 Carneades
1105 2926 1139 2989 in
1162 2928 1258 2990 rebus

616 3110 738 3132 noenu
741 3110 783 3129 ne
786 3110 801 3130 Ι

159 3224 200 3275 hac
212 3220 351 3273 euers-r
361 3222 484 3273 Guetm.
493 3228 518 3272 8.
533 3228 679 3274 statuet-8
696 3226 773 3276 Josn.
786 3220 864 3273 Norf.
876 3224 934 3273 Bet.
946 3224 1012 3272 Bod.
1023 3222 1094 3287 Meg.
1107 3222 1183 3270 Cant.
1192 3222 1260 3273 Nor.

160 3290 213 3340 Eri.
223 3292 246 3338 l.
257 3292 282 3337 2.
293 3289 354 3338 item
367 3288 440 3337 Rom.
453 3289 521 3337 Kob.
533 3288 607 3340 Junt.
619 3288 681 3338 Asc.
691 3298 720 3339 et
734 3290 805 3337 hiso.
821 3304 900 3337 rerum
915 3288 1070 3351 pumicosum.
1104 3288 1177 3347 Mox,
1187 3291 1260 3338 mora

161 3353 280 3405 Guotta.
292 3357 317 3403 8.
334 3354 389 3403 Est.
400 3357 425 3404 2.
443 3354 519 3403 Heri.
539 3365 569 3402 et
586 3354 688 3405 Schutz.
724 3353 827 3402 Deinde
848 3354 874 3403 irr
893 3354 961 3415 ipsis,
978 3355 1072 3401 omisso
1091 3352 1136 3405 hir.
1152 3353 1204 3402 duo
1219 3368 1261 3417 sp.

160 3418 290 3469 ursit-s
308 3420 394 3469 Oxou.
405 3418 440 3480 U,
452 3426 475 3467 rt
489 3420 568 3482 perire
581 3424 733 3484 paim—to
750 3420 838 3469 Osco.
849 3419 883 3479 U,
895 3416 984 3481 copiose
1000 3419 1072 3481 toqui.
1104 3418 1179 3481 Mox,
1195 3433 1259 3467 osre-

160 3485 198 3547 qss'
209 3484 285 3535 deest
296 3486 322 3533 iu
334 3484 421 3535 Oson·
433 3484 527 3535 Z·-·li
549 3484 591 3534 Its
603 3486 658 3535 Eri.
669 3489 692 3535 1.
711 3485 786 3533 Rom.
797 3484 867 3533 Kob.
876 3484 951 3533 Hert.
967 3484 1093 3533 conceditis
1106 3482 1194 3533 Grrett'.
1203 3488 1224 3531 1.
1234 3488 1260 3532 2.

161 3553 183 3599 t.
192 3550 248 3600 Eri.
257 3554 281 3600 2.
293 3549 353 3599 ΑΙᾶ.
362 3550 433 3601 Vtet.
442 3550 518 3602 dunt.
531 3550 631 3601 Olivet.
640 3560 669 3601 et
680 3552 852 3600 Schera-12
869 3546 956 3598 Oxou.
968 3548 992 3596 U
1005 3548 1026 3598 Ζ
1038 3550 1052 3597 t
1063 3549 1088 3596 tn
1100 3563 1178 3609 rnorq.
1205 3548 1258 3596 Ert.

160 3619 181 3664 1.
189 3615 283 3665 hricrt
294 3616 405 3675 stjrrtrrr
412 3632 421 3675 ,·
432 3616 520 3665 Oreo.
527 3618 574 3675 ee,
583 3632 640 3666 conr
650 3616 711 3666 edd.
721 3617 795 3666 Rom.
808 3624 834 3662 et
847 3615 915 3663 Καὶ).
924 3613 986 3663 sicut
998 3614 1127 3673 etsemet,
1140 3614 1226 3663 Oxou.
1237 3632 1258 3669 ε,

159 3680 216 3729 ricst
228 3680 340 3746 optensi.
372 3682 456 3732 Paulo
474 3691 544 3747 port,
559 3682 662 3733 muteris
681 3682 741 3732 edd.
759 3682 891 3730 vett-18
909 3678 964 3729 Eri.
978 3682 1001 3728 1.
1019 3678 1105 3728 Oxou.
1116 3680 1149 3734 U.
1160 3688 1188 3729 et
1200 3678 1259 3727 edd.

656 3829 763 3881 Noua·

158 3922 324 3972 inciderunt:
342 3922 505 3988 creduntque
521 3940 579 3975 enni
596 3926 623 3975 in
637 3926 687 3977 hse
728 3926 826 3983 Greci,
843 3926 899 3991 quis
919 3932 1007 3976 orstor
1023 3924 1152 3976 dicendus
1170 3926 1214 3988 sit,
1225 3940 1258 3977 sn

161 4016 217 4051 esse
227 4001 358 4064 opinione,
370 4012 398 4051 nt
414 4004 572 4054 rhetoricen
584 4020 634 4054 non
645 4020 685 4055 rr·
726 4005 770 4054 itte
782 4004 827 4067 qui
846 4012 947 4053 tautum
968 4004 994 4053 iu
1011 4004 1094 4053 cerasis
1112 4002 1258 4053 forensibus

161 4077 275 4135 teni„sed
286 4078 404 4139 peritisur
413 4081 540 4143 quendum
551 4083 644 4146 graiis
656 4096 687 4131 sc
728 4081 822 4141 retest,
840 4095 872 4129 sn
884 4080 927 4145 qui
949 4080 983 4129 de
995 4094 1024 4130 re
1036 4080 1151 4145 quotibet
1167 4090 1258 4133 orante

161 4154 521 4219 rotnptsrisssistinrst,'dre.
729 4160 811 4220 possit
821 4156 919 4207 dicere.

191 4240 203 4265 ¹
223 4231 368 4281 Vrrtn'srirs
385 4231 556 4295 momnis]
572 4234 689 4284 Maximo
759 4244 772 4268 ⁰
789 4233 945 4300 Aristoteles]
964 4234 1078 4285 eonrute
1093 4236 1109 4283 Ι.
1124 4249 1142 4284 ι.
1155 4234 1258 4287 delur.

161 4310 300 4359 animorum
317 4316 384 4358 sesto
401 4308 565 4359 contendunt
580 4312 648 4362 inter
658 4325 688 4361 se
728 4316 780 4379 tt.
