3134 4959
546 235 560 283 l

558 284 584 321 κ

489 432 540 483 nu
566 432 759 494 eunoun,
786 434 810 481 ι.
832 418 887 485 16.
1164 418 1230 489 ete

133 583 339 663 tempusque
352 576 523 659 cognorit?
544 576 601 649 70.
617 576 681 643 Est
694 577 784 643 euim
799 578 1100 645 tinitimuecrutori
1114 579 1231 665 polite,

133 683 282 747 numeris
293 680 459 747 astrictior
472 681 589 764 punlo,
602 682 779 747 verbomm
802 689 914 746 antem
933 682 1069 747 licentia
1083 682 1231 763 liberior,

133 778 250 847 multis
264 802 343 849 veru
356 784 499 850 emendi
513 786 689 867 generibus
697 785 824 864 socius,
836 804 878 849 uc
890 802 988 868 poene
1000 802 1077 868 pur:
1094 786 1151 870 [p.
1161 786 1233 867 91.]

135 882 173 949 iu
188 884 252 951 hoc
268 886 404 970 quidem
419 892 507 951 certe
521 892 650 970 prope4
662 885 763 962 idem,
773 885 876 951 nullis
885 896 924 951 ut
932 886 1081 951 terminis
1095 891 1232 953 oneum·

135 987 263 1053 scribut
287 993 346 1053 aut
368 988 507 1053 deliniet
523 987 581 1071 jus
602 1006 711 1067 uuum,
733 1006 803 1071 quo
822 988 933 1053 minue
947 988 978 1053 ei
1001 988 1103 1053 liceat
1116 990 1234 1056 eudem

136 1088 198 1156 illu
209 1089 370 1156 fucultute
382 1098 418 1155 et
432 1092 532 1176 copia
548 1090 674 1172 regeri,
683 1109 754 1173 qun
766 1090 857 1155 velit.
900 1090 955 1157 71.
980 1088 1139 1174 Namque
1150 1094 1232 1159 illud

138 1210 255 1275 quere,
270 1192 439 1269 Scoevolu,
453 1193 583 1275 ungenti
598 1198 631 1257 te
654 1190 760 1257 iniere
774 1191 934 1277 laturum,
947 1192 1012 1256 uisi
1026 1192 1059 1258 in
1075 1213 1148 1258 meo
1161 1212 1235 1279 reg·

137 1312 185 1361 nc
212 1314 318 1372 crees,
346 1295 436 1379 quod
458 1296 493 1360 in
516 1294 608 1361 omui
632 1313 751 1377 genere
775 1295 945 1373 sermonis,
968 1295 1001 1359 in
1025 1296 1117 1361 omni
1143 1302 1236 1380 purte

138 1396 354 1464 humanitatis
357 1421 373 1483 5
394 1397 538 1463 dixerim
559 1405 727 1465 oratorem
752 1396 937 1481 perlectum
962 1416 1037 1463 esee
1063 1399 1235 1467 deberel⁵

140 1498 324 1583 Nunquam
348 1499 538 1565 mehercule
560 1498 627 1565 hoc
648 1498 806 1574 dicerem,
827 1499 857 1563 ei
885 1518 972 1578 eum,
998 1519 1100 1585 quem
1118 1500 1238 1585 ungu*

139 1602 307 1685 meipsum
321 1622 399 1668 eene
412 1604 599 1669 arbitrarer.
641 1602 697 1666 72.
719 1601 801 1679 Sed,
813 1606 851 1665 nt
864 1600 996 1669 nolebat
1011 1602 1050 1668 0.
1067 1599 1237 1670 Lucilius¹

141 1724 236 1788 eope
251 1700 388 1784 dicere,⁶
408 1705 509 1771 homo
522 1704 585 1771 tibi
599 1704 780 1782 subiratus,
791 1703 874 1769 mihi
887 1710 1112 1789 proptereem
1126 1706 1238 1790 ipsum

143 1826 280 1872 censum
305 1808 428 1883 minue,
454 1825 557 1890 quum
582 1806 742 1882 vclebut‚⁷
763 1805 953 1885 familiaris,
978 1806 1039 1872 sed
1066 1813 1175 1873 tumen
1202 1816 1239 1872 et

142 1908 274 1988 doctus,
290 1916 324 1975 et
336 1910 567 1993 perurbmus:
592 1910 644 1975 uic
663 1910 781 1985 sentio,
795 1910 957 1974 neminem
974 1930 1049 1977 esse
1071 1911 1105 1975 iu
1130 1918 1239 1991 oretq-
1256 1930 1258 1938 ·

141 2032 215 2077 rum
237 2030 374 2076 numero
398 2010 599 2091 habendum,
623 2011 769 2097 quinon
793 2011 838 2077 eit
856 2013 1008 2077 omnibus
1029 2012 1073 2078 iis
1097 2014 1239 2091 ortibus,

143 2134 219 2196 qum
234 2120 313 2179 eunt
326 2114 432 2179 libero
446 2114 580 2197 dignm)
600 2113 808 2199 perpolitus:
831 2114 954 2199 quibus
968 2114 1065 2200 ipsis,
1088 2116 1119 2181 si
1138 2116 1173 2181 in
1188 2115 1241 2179 di·

144 2216 253 2281 condo
280 2236 347 2281 uon
378 2218 517 2295 utimur,
541 2225 654 2283 tumen
681 2225 833 2302 uppuret,
858 2224 962 2301 etque
984 2223 1110 2295 extat*
1130 2224 1241 2283 uuum

143 2320 247 2382 simus
273 2337 389 2383 carum
411 2318 523 2398 ruder,
547 2340 590 2385 en
613 2318 840 2384 didicerimus.
883 2318 936 2383 73.
958 2316 1018 2398 Ut,
1032 2320 1089 2403 qui
1104 2318 1175 2403 pilu
1188 2316 1241 2384 lu-

144 2419 310 2498 dunt,nou
319 2429 456 2487 utuntur
466 2422 501 2486 in
510 2421 587 2506 ipen
596 2420 729 2508 lusione
743 2420 1026 2506 artificioproprio
1037 2422 1241 2506 palaestrae,m

145 2524 338 2589 sedindicat
351 2524 426 2610 ipse
436 2533 561 2602 motus,
571 2525 787 2590 didicerintne
797 2524 1002 2608 pulaestrem,
1014 2544 1058 2589 un
1072 2526 1241 2593 nescient:

146 2642 182 2692 et
198 2629 257 2712 qui
269 2628 399 2714 aliquid
411 2627 561 2711 tingunt:
574 2630 637 2694 etei
646 2634 717 2694 tum
726 2628 859 2712 pictum
868 2627 949 2693 nihil
961 2631 1106 2705 utuntur,
1122 2632 1242 2705 tumen,

147 2738 253 2795 utrum
282 2734 390 2797 sciant
410 2734 557 2815 pingere,
582 2752 626 2797 un
647 2730 810 2809 nesciant,
826 2748 891 2794 nou
905 2730 1082 2795 obscurum
1098 2737 1167 2795 est:
1191 2730 1242 2795 si'c

144 2835 184 2898 in
199 2833 432 2902 orationibus⁸
454 2834 549 2901 hisce
573 2834 658 2919 ipsis
678 2834 896 2919 judiciorum,
918 2834 1129 2911 concionum,
1145 2850 1242 2897 sene·

172 3025 362 3075 lflmr'crio
370 3025 521 3077 morie·
629 3022 946 3089 *criuideunpropenu

180 3089 478 3141 *linamentum
631 3096 652 3123 ¹⁸
673 3090 781 3141 Videtur.

179 3162 194 3187 ·
209 3154 668 3215 Mmfmteclrtouelcaeceru.

147 3360 164 3407 8
181 3356 248 3412 idue
258 3354 348 3420 verbo,
364 3358 463 3423 quodum
473 3356 602 3419 facultate,
610 3372 657 3407 ror
668 3357 767 3411 mico,
775 3355 868 3405 derunt
880 3356 906 3405 in
916 3356 1001 3408 Oxou.
1010 3358 1082 3405 m-4
1092 3354 1158 3405 voe.
1173 3370 1245 3419 prope

149 3422 223 3473 deest
239 3424 266 3472 ln
283 3421 371 3472 Oxou.
388 3422 422 3472 U.
457 3422 530 3472 ldem
553 3422 636 3472 codex
657 3423 733 3486 puolo
755 3430 825 3485 port.
845 3431 890 3486 'prro
907 3422 973 3471 velit.
1009 3422 1074 3470 Num
1087 3420 1156 3483 ΞΜ,
1172 3423 1246 3484 de.-

150 3488 257 3538 llldem
274 3487 359 3539 codex
375 3485 447 3537 delet
463 3502 522 3537 roo.
537 3488 681 3538 dedere—d
697 3488 801 3539 liment.
819 3488 888 3551 uenj.
904 3492 931 3536 ut
947 3486 1034 3537 alelut
1053 3486 1084 3535 G.
1095 3484 1202 3535 millet
1216 3486 1246 3535 de

148 3553 224 3616 por'lr'u
243 3554 330 3611 dicere,
344 3553 419 3616 prob.
430 3554 543 3603 Wetzel.
560 3563 588 3603 et
603 3554 757 3605 Subulo-l
773 3553 818 3605 ltu
836 3552 914 3603 codd.
938 3566 1027 3601 omnen
1048 3557 1077 3601 et
1102 3550 1162 3601 cdd.
1183 3558 1245 3601 unte

151 3618 256 3669 Schrrtr.
266 3621 311 3683 qui
322 3633 337 3668 e
348 3619 414 3682 conj·
423 3618 525 3669 Ernesti
537 3619 562 3668 in
574 3626 675 3683 textum
686 3620 868 3684 recepitque·
877 3617 997 3675 witlam
1009 3618 1079 3667 illnm
1091 3617 1175 3667 ruenti
1185 3624 1247 3666 unct

150 3682 300 3735 wetzelet
312 3682 387 3735 Hurl.
421 3682 829 3749 Pruloport,010n.t³7‚lr'lero
846 3683 994 3733 lenire-8
1011 3682 1098 3734 Oxou.
1113 3684 1158 3747 lu,
1169 3680 1248 3731 orutd·

648 3828 753 3881 NOTAE

184 3933 190 3968 ¹
204 3936 233 3984 c·
243 3934 364 3999 Mlier]
373 3936 487 3987 Comole
495 3943 571 3987 untur
582 3936 614 3986 ud
624 3936 680 3987 He·
719 3943 783 3997 cut3
801 3934 940 3999 nliqnuudn
956 3933 1158 3985 concinnitatem
1175 3939 1202 3983 et
1220 3932 1247 3983 iu

151 4024 226 4061 rouo.
237 4024 270 4061 u.
288 4014 303 4075 ς
316 4014 355 4061 1⁰.
387 4013 523 4063 Sotimus
542 4022 601 4063 em
610 4015 681 4063 Sem·
719 4020 797 4077 gestu
806 4020 930 4078 motuque
941 4012 1059 4077 corpori·
1071 4016 1247 4072 renuentum

154 4087 230 4149 volu,
248 4087 292 4151 qui
310 4086 338 4135 iu
352 4086 487 4139 Albutium
505 4089 601 4139 Lucilii
618 4088 681 4139 umi-
720 4088 861 4153 uliqorndc
879 4098 963 4139 ortem
974 4083 1175 4139 bello'morendl
1191 4100 1249 4139 cor·

154 4177 212 4212 eum
223 4161 368 4213 orationem
380 4164 514 4214 dubuerat.
721 4166 803 4229 perir,
820 4164 875 4215 rire
903 4164 935 4215 ud
962 4163 1107 4216 reltnndum
1128 4164 1184 4213 rire
1213 4162 1247 4215 nd

185 4248 204 4273 ¹²
227 4238 367 4303 Palaetrae]
395 4240 524 4291 Peleutru
545 4241 682 4307 ullqrtrndo
721 4241 898 4307 pugnandum.

155 4316 313 4381 omnnium
334 4318 375 4367 rel
395 4317 569 4381 meginarium
584 4316 681 4383 rignid-

220 4396 490 4462 nerpuvmcm.
659 4398 751 4450 cum.
1012 4383 1015 4393 '
1125 4397 1185 4449 εΗ
