<?xml version="1.0" encoding="UTF-8"?>
<!DOCTYPE html PUBLIC "-//W3C//DTD XHTML 1.0 Transitional//EN"
    "http://www.w3.org/TR/xhtml1/DTD/xhtml1-transitional.dtd">
<html xmlns="http://www.w3.org/1999/xhtml" xml:lang="en" lang="en">
 <head>
  <title>
</title>
<meta http-equiv="Content-Type" content="text/html;charset=utf-8" />
  <meta name='ocr-system' content='tesseract 3.04.00' />
  <meta name='ocr-capabilities' content='ocr_page ocr_carea ocr_par ocr_line ocrx_word'/>
</head>
<body>
  <div class='ocr_page' id='page_1' title='image "./librirhetorici01ernegoog/librirhetorici01ernegoog_0243.png"; bbox 0 0 3134 4959; ppageno 0'>
   <div class='ocr_carea' id='block_1_1' title="bbox 552 331 1274 446">
    <p class='ocr_par' dir='ltr' id='par_1_1' title="bbox 552 331 1274 446">
     <span class='ocr_line' id='line_1_1' title="bbox 552 331 1274 446; baseline 0.008 -6"><span class='ocrx_word' id='word_1_1' title='bbox 552 331 600 440; x_wconf 85' lang='lat' dir='ltr'><strong>nn</strong></span> <span class='ocrx_word' id='word_1_2' title='bbox 626 390 783 442; x_wconf 75' lang='lat' dir='ltr'><strong>rnvnrrr.</strong></span> <span class='ocrx_word' id='word_1_3' title='bbox 806 391 832 440; x_wconf 84' lang='lat' dir='ltr'><strong>r.</strong></span> <span class='ocrx_word' id='word_1_4' title='bbox 853 378 908 443; x_wconf 72' lang='lat'><strong>⁶6.</strong></span> <span class='ocrx_word' id='word_1_5' title='bbox 1207 379 1274 446; x_wconf 72' lang='lat' dir='ltr'><strong>oel</strong></span> 
     </span>
    </p>
   </div>
   <div class='ocr_carea' id='block_1_2' title="bbox 120 521 1292 1133">
    <p class='ocr_par' dir='ltr' id='par_1_2' title="bbox 120 521 1292 1133">
     <span class='ocr_line' id='line_1_2' title="bbox 120 521 1273 622; baseline 0.01 -29"><span class='ocrx_word' id='word_1_6' title='bbox 120 521 123 527; x_wconf 74' lang='grc'><strong>’</strong></span> <span class='ocrx_word' id='word_1_7' title='bbox 161 529 373 610; x_wconf 85' lang='lat' dir='ltr'><strong>liberorum,</strong></span> <span class='ocrx_word' id='word_1_8' title='bbox 401 539 462 598; x_wconf 81' lang='lat' dir='ltr'><strong>eut</strong></span> <span class='ocrx_word' id='word_1_9' title='bbox 486 543 671 618; x_wconf 77' lang='lat' dir='ltr'><strong>parentum,</strong></span> <span class='ocrx_word' id='word_1_10' title='bbox 696 541 754 602; x_wconf 83' lang='lat' dir='ltr'><strong>unt</strong></span> <span class='ocrx_word' id='word_1_11' title='bbox 773 537 826 603; x_wconf 79' lang='lat' dir='ltr'><strong>eui</strong></span> <span class='ocrx_word' id='word_1_12' title='bbox 839 537 988 622; x_wconf 79' lang='lat' dir='ltr'><strong>eorporis</strong></span> <span class='ocrx_word' id='word_1_13' title='bbox 1002 537 1196 622; x_wconf 75' lang='lat' dir='ltr'><strong>sepeliendi,</strong></span> <span class='ocrx_word' id='word_1_14' title='bbox 1212 547 1273 606; x_wconf 85' lang='lat' dir='ltr'><strong>nut</strong></span> 
     </span>
     <span class='ocr_line' id='line_1_3' title="bbox 163 633 1292 726; baseline 0.008 -27"><span class='ocrx_word' id='word_1_15' title='bbox 163 633 321 718; x_wconf 75' lang='lat' dir='ltr'><strong>alicujus</strong></span> <span class='ocrx_word' id='word_1_16' title='bbox 342 634 508 719; x_wconf 78' lang='lat' dir='ltr'><strong>ejusmodi</strong></span> <span class='ocrx_word' id='word_1_17' title='bbox 526 636 572 702; x_wconf 87' lang='lat' dir='ltr'><strong>rei</strong></span> <span class='ocrx_word' id='word_1_18' title='bbox 595 637 842 704; x_wconf 79' lang='lat' dir='ltr'><strong>commendatio</strong></span> <span class='ocrx_word' id='word_1_19' title='bbox 858 639 909 703; x_wconf 83' lang='lat' dir='ltr'><strong>fit.</strong></span> <span class='ocrx_word' id='word_1_20' title='bbox 929 646 932 652; x_wconf 84' lang='lat'>&#39;</span> <span class='ocrx_word' id='word_1_21' title='bbox 952 637 1192 720; x_wconf 73' lang='lat' dir='ltr'><strong>Duodecimus,</strong></span> <span class='ocrx_word' id='word_1_22' title='bbox 1212 653 1292 726; x_wconf 77' lang='lat' dir='ltr'><strong>por·</strong></span> 
     </span>
     <span class='ocr_line' id='line_1_4' title="bbox 163 737 1271 827; baseline 0.007 -25"><span class='ocrx_word' id='word_1_23' title='bbox 163 757 278 820; x_wconf 86' lang='lat' dir='ltr'><strong>quem</strong></span> <span class='ocrx_word' id='word_1_24' title='bbox 294 737 478 822; x_wconf 81' lang='lat' dir='ltr'><strong>disjunctio</strong></span> <span class='ocrx_word' id='word_1_25' title='bbox 493 738 684 824; x_wconf 77' lang='lat' dir='ltr'><strong>deploratur</strong></span> <span class='ocrx_word' id='word_1_26' title='bbox 698 743 741 804; x_wconf 83' lang='lat' dir='ltr'><strong>ub</strong></span> <span class='ocrx_word' id='word_1_27' title='bbox 756 741 886 827; x_wconf 79' lang='lat' dir='ltr'><strong>aliquo,</strong></span> <span class='ocrx_word' id='word_1_28' title='bbox 901 761 978 807; x_wconf 86' lang='lat' dir='ltr'><strong>oum</strong></span> <span class='ocrx_word' id='word_1_29' title='bbox 994 741 1167 810; x_wconf 79' lang='lat' dir='ltr'><strong>diducaris</strong></span> <span class='ocrx_word' id='word_1_30' title='bbox 1177 752 1203 793; x_wconf 86' lang='lat'><strong>¹⁷</strong></span> <span class='ocrx_word' id='word_1_31' title='bbox 1226 746 1271 810; x_wconf 81' lang='lat' dir='ltr'><strong>eb</strong></span> 
     </span>
     <span class='ocr_line' id='line_1_5' title="bbox 165 841 1271 928; baseline 0.009 -24"><span class='ocrx_word' id='word_1_32' title='bbox 165 859 215 904; x_wconf 82' lang='lat' dir='ltr'><strong>eo</strong></span> <span class='ocrx_word' id='word_1_33' title='bbox 239 842 373 924; x_wconf 89' lang='lat' dir='ltr'><strong>quicum</strong></span> <span class='ocrx_word' id='word_1_34' title='bbox 396 841 616 908; x_wconf 76' lang='lat' dir='ltr'><strong>libentissime</strong></span> <span class='ocrx_word' id='word_1_35' title='bbox 636 844 772 922; x_wconf 80' lang='lat' dir='ltr'><strong>vixeris,</strong></span> <span class='ocrx_word' id='word_1_36' title='bbox 793 851 830 910; x_wconf 92' lang='lat' dir='ltr'><strong>ut</strong></span> <span class='ocrx_word' id='word_1_37' title='bbox 846 865 869 909; x_wconf 83' lang='lat' dir='ltr'><strong>u</strong></span> <span class='ocrx_word' id='word_1_38' title='bbox 888 851 1037 928; x_wconf 79' lang='lat' dir='ltr'><strong>parente,</strong></span> <span class='ocrx_word' id='word_1_39' title='bbox 1059 847 1143 925; x_wconf 88' lang='lat' dir='ltr'><strong>filio,</strong></span> <span class='ocrx_word' id='word_1_40' title='bbox 1158 847 1271 926; x_wconf 77' lang='lat' dir='ltr'><strong>fratre,</strong></span> 
     </span>
     <span class='ocr_line' id='line_1_6' title="bbox 166 941 1271 1031; baseline 0.009 -27"><span class='ocrx_word' id='word_1_41' title='bbox 166 941 371 1007; x_wconf 79' lang='lat' dir='ltr'><strong>tomitiuri.¹8</strong></span> <span class='ocrx_word' id='word_1_42' title='bbox 414 943 732 1025; x_wconf 76' lang='lat' dir='ltr'><strong>Tertiusdeeirnus,r</strong></span> <span class='ocrx_word' id='word_1_43' title='bbox 754 965 813 1030; x_wconf 88' lang='lat' dir='ltr'><strong>por</strong></span> <span class='ocrx_word' id='word_1_44' title='bbox 834 966 935 1030; x_wconf 85' lang='lat' dir='ltr'><strong>quern</strong></span> <span class='ocrx_word' id='word_1_45' title='bbox 951 967 1028 1012; x_wconf 87' lang='lat' dir='ltr'><strong>euru</strong></span> <span class='ocrx_word' id='word_1_46' title='bbox 1044 948 1271 1031; x_wconf 76' lang='lat' dir='ltr'><strong>indignatione</strong></span> 
     </span>
     <span class='ocr_line' id='line_1_7' title="bbox 167 1043 1272 1133; baseline 0.007 -25"><span class='ocrx_word' id='word_1_47' title='bbox 167 1047 417 1128; x_wconf 82' lang='lat' dir='ltr'><strong>conquerimur,</strong></span> <span class='ocrx_word' id='word_1_48' title='bbox 441 1043 532 1129; x_wconf 85' lang='lat' dir='ltr'><strong>quod</strong></span> <span class='ocrx_word' id='word_1_49' title='bbox 555 1048 599 1112; x_wconf 88' lang='lat' dir='ltr'><strong>ub</strong></span> <span class='ocrx_word' id='word_1_50' title='bbox 620 1049 675 1127; x_wconf 81' lang='lat' dir='ltr'><strong>iis,</strong></span> <span class='ocrx_word' id='word_1_51' title='bbox 698 1069 720 1113; x_wconf 84' lang='lat' dir='ltr'><strong>u</strong></span> <span class='ocrx_word' id='word_1_52' title='bbox 749 1050 875 1133; x_wconf 74' lang='lat' dir='ltr'><strong>quibus</strong></span> <span class='ocrx_word' id='word_1_53' title='bbox 895 1049 1031 1114; x_wconf 85' lang='lat' dir='ltr'><strong>minime</strong></span> <span class='ocrx_word' id='word_1_54' title='bbox 1052 1051 1272 1128; x_wconf 79' lang='lat' dir='ltr'><strong>conveniat,¹⁹</strong></span> 
     </span>
    </p>
   </div>
   <div class='ocr_carea' id='block_1_3' title="bbox 168 1147 1386 1237">
    <p class='ocr_par' dir='ltr' id='par_1_3' title="bbox 168 1147 1386 1237">
     <span class='ocr_line' id='line_1_8' title="bbox 168 1147 1386 1237; baseline 0.006 -26"><span class='ocrx_word' id='word_1_55' title='bbox 168 1147 261 1212; x_wconf 80' lang='lat' dir='ltr'><strong>mule</strong></span> <span class='ocrx_word' id='word_1_56' title='bbox 283 1155 473 1226; x_wconf 82' lang='lat' dir='ltr'><strong>traetemur,</strong></span> <span class='ocrx_word' id='word_1_57' title='bbox 501 1150 712 1236; x_wconf 81' lang='lat' dir='ltr'><strong>propinquis,</strong></span> <span class='ocrx_word' id='word_1_58' title='bbox 749 1153 881 1231; x_wconf 78' lang='lat' dir='ltr'><strong>amicis,</strong></span> <span class='ocrx_word' id='word_1_59' title='bbox 914 1153 1037 1237; x_wconf 75' lang='lat' dir='ltr'><strong>quibus</strong></span> <span class='ocrx_word' id='word_1_60' title='bbox 1066 1153 1271 1219; x_wconf 80' lang='lat' dir='ltr'><strong>benefeceri·</strong></span> <span class='ocrx_word' id='word_1_61' title='bbox 1381 1150 1386 1156; x_wconf 78' lang='grc'><strong>’</strong></span> 
     </span>
    </p>
   </div>
   <div class='ocr_carea' id='block_1_4' title="bbox 166 1250 1271 1752">
    <p class='ocr_par' dir='ltr' id='par_1_4' title="bbox 166 1250 1271 1752">
     <span class='ocr_line' id='line_1_9' title="bbox 166 1250 1271 1340; baseline 0.008 -27"><span class='ocrx_word' id='word_1_62' title='bbox 166 1255 293 1326; x_wconf 79' lang='lat' dir='ltr'><strong>mue,²⁰</strong></span> <span class='ocrx_word' id='word_1_63' title='bbox 317 1251 374 1333; x_wconf 86' lang='lat' dir='ltr'><strong>[p.</strong></span> <span class='ocrx_word' id='word_1_64' title='bbox 388 1250 461 1331; x_wconf 74' lang='grc'><strong>62]</strong></span> <span class='ocrx_word' id='word_1_65' title='bbox 483 1271 568 1335; x_wconf 77' lang='lat' dir='ltr'><strong>quos</strong></span> <span class='ocrx_word' id='word_1_66' title='bbox 590 1254 784 1338; x_wconf 79' lang='lat' dir='ltr'><strong>adjutores¹</strong></span> <span class='ocrx_word' id='word_1_67' title='bbox 809 1257 880 1320; x_wconf 83' lang='lat' dir='ltr'><strong>sore</strong></span> <span class='ocrx_word' id='word_1_68' title='bbox 904 1257 1144 1340; x_wconf 68' lang='lat' dir='ltr'><strong>putaverimus,</strong></span> <span class='ocrx_word' id='word_1_69' title='bbox 1165 1261 1224 1322; x_wconf 86' lang='lat' dir='ltr'><strong>unt</strong></span> <span class='ocrx_word' id='word_1_70' title='bbox 1238 1277 1271 1322; x_wconf 75' lang='lat' dir='ltr'><strong>n</strong></span> 
     </span>
     <span class='ocr_line' id='line_1_10' title="bbox 169 1354 1269 1443; baseline 0.006 -25"><span class='ocrx_word' id='word_1_71' title='bbox 169 1354 299 1439; x_wconf 85' lang='lat' dir='ltr'><strong>quibus</strong></span> <span class='ocrx_word' id='word_1_72' title='bbox 314 1354 484 1438; x_wconf 80' lang='lat' dir='ltr'><strong>indignum</strong></span> <span class='ocrx_word' id='word_1_73' title='bbox 500 1357 573 1434; x_wconf 74' lang='lat' dir='ltr'><strong>uit,²</strong></span> <span class='ocrx_word' id='word_1_74' title='bbox 594 1366 633 1422; x_wconf 92' lang='lat' dir='ltr'><strong>ut</strong></span> <span class='ocrx_word' id='word_1_75' title='bbox 647 1359 763 1436; x_wconf 81' lang='lat' dir='ltr'><strong>servis,</strong></span> <span class='ocrx_word' id='word_1_76' title='bbox 785 1358 924 1434; x_wconf 78' lang='lat' dir='ltr'><strong>libertis,</strong></span> <span class='ocrx_word' id='word_1_77' title='bbox 938 1358 1127 1437; x_wconf 76' lang='lat' dir='ltr'><strong>clientibus,</strong></span> <span class='ocrx_word' id='word_1_78' title='bbox 1139 1359 1269 1443; x_wconf 86' lang='lat' dir='ltr'><strong>suppli·</strong></span> 
     </span>
     <span class='ocr_line' id='line_1_11' title="bbox 170 1451 1268 1545; baseline 0.006 -25"><span class='ocrx_word' id='word_1_79' title='bbox 170 1455 284 1520; x_wconf 82' lang='lat' dir='ltr'><strong>cibus.</strong></span> <span class='ocrx_word' id='word_1_80' title='bbox 331 1471 405 1520; x_wconf 81' lang='lat' dir='ltr'><strong>nvr.</strong></span> <span class='ocrx_word' id='word_1_81' title='bbox 429 1455 742 1539; x_wconf 77' lang='lat' dir='ltr'><strong>Quartusdecimus,</strong></span> <span class='ocrx_word' id='word_1_82' title='bbox 758 1462 816 1545; x_wconf 89' lang='lat' dir='ltr'><strong>qni</strong></span> <span class='ocrx_word' id='word_1_83' title='bbox 831 1451 1193 1544; x_wconf 82' lang='lat' dir='ltr'><strong>perobeeurntionom⁸</strong></span> <span class='ocrx_word' id='word_1_84' title='bbox 1214 1482 1268 1528; x_wconf 90' lang='lat' dir='ltr'><strong>su·</strong></span> 
     </span>
     <span class='ocr_line' id='line_1_12' title="bbox 168 1559 1271 1648; baseline 0.009 -28"><span class='ocrx_word' id='word_1_85' title='bbox 168 1559 292 1622; x_wconf 86' lang='lat' dir='ltr'><strong>mitur:</strong></span> <span class='ocrx_word' id='word_1_86' title='bbox 314 1559 437 1644; x_wconf 90' lang='lat' dir='ltr'><strong>inquo</strong></span> <span class='ocrx_word' id='word_1_87' title='bbox 458 1569 597 1626; x_wconf 76' lang='lat' dir='ltr'><strong>orantur</strong></span> <span class='ocrx_word' id='word_1_88' title='bbox 619 1563 740 1627; x_wconf 82' lang='lat' dir='ltr'><strong>modo³</strong></span> <span class='ocrx_word' id='word_1_89' title='bbox 762 1563 826 1641; x_wconf 83' lang='lat' dir='ltr'><strong>illi,</strong></span> <span class='ocrx_word' id='word_1_90' title='bbox 850 1563 910 1648; x_wconf 90' lang='lat' dir='ltr'><strong>qui</strong></span> <span class='ocrx_word' id='word_1_91' title='bbox 933 1563 1084 1641; x_wconf 76' lang='lat' dir='ltr'><strong>andiunt,</strong></span> <span class='ocrx_word' id='word_1_92' title='bbox 1105 1563 1221 1630; x_wconf 87' lang='lat' dir='ltr'><strong>humili</strong></span> <span class='ocrx_word' id='word_1_93' title='bbox 1237 1571 1271 1630; x_wconf 89' lang='lat' dir='ltr'><strong>et</strong></span> 
     </span>
     <span class='ocr_line' id='line_1_13' title="bbox 172 1653 1270 1752; baseline 0.007 -28"><span class='ocrx_word' id='word_1_94' title='bbox 172 1660 317 1744; x_wconf 75' lang='lat' dir='ltr'><strong>supplici</strong></span> <span class='ocrx_word' id='word_1_95' title='bbox 345 1653 508 1743; x_wconf 74' lang='lat' dir='ltr'><strong>oratione,</strong></span> <span class='ocrx_word' id='word_1_96' title='bbox 537 1672 578 1730; x_wconf 91' lang='lat' dir='ltr'><strong>ut</strong></span> <span class='ocrx_word' id='word_1_97' title='bbox 600 1666 823 1733; x_wconf 71' lang='lat' dir='ltr'><strong>misereantur.</strong></span> <span class='ocrx_word' id='word_1_98' title='bbox 867 1664 1189 1745; x_wconf 78' lang='lat' dir='ltr'><strong>Quintundecimus,‘</strong></span> <span class='ocrx_word' id='word_1_99' title='bbox 1208 1687 1270 1752; x_wconf 87' lang='lat' dir='ltr'><strong>per</strong></span> 
     </span>
    </p>
   </div>
   <div class='ocr_carea' id='block_1_5' title="bbox 629 1819 809 1847">
    <p class='ocr_par' dir='ltr' id='par_1_5' title="bbox 629 1819 809 1847">
     <span class='ocr_line' id='line_1_14' title="bbox 629 1819 809 1847; baseline 0.006 -5"><span class='ocrx_word' id='word_1_100' title='bbox 629 1819 809 1847; x_wconf 61' lang='lat' dir='ltr'><strong>mmm</strong></span> 
     </span>
    </p>
   </div>
   <div class='ocr_carea' id='block_1_6' title="bbox 169 1953 1270 2541">
    <p class='ocr_par' dir='ltr' id='par_1_6' title="bbox 169 1953 1270 2541">
     <span class='ocr_line' id='line_1_15' title="bbox 172 1953 1270 2020; baseline 0.004 -18"><span class='ocrx_word' id='word_1_101' title='bbox 172 1967 223 2002; x_wconf 88' lang='lat' dir='ltr'><strong>non</strong></span> <span class='ocrx_word' id='word_1_102' title='bbox 235 1964 275 2003; x_wconf 83' lang='lat' dir='ltr'><strong>eet</strong></span> <span class='ocrx_word' id='word_1_103' title='bbox 286 1953 313 2003; x_wconf 87' lang='lat' dir='ltr'><strong>in</strong></span> <span class='ocrx_word' id='word_1_104' title='bbox 330 1954 390 2005; x_wconf 83' lang='lat' dir='ltr'><strong>Sub.</strong></span> <span class='ocrx_word' id='word_1_105' title='bbox 401 1955 477 2005; x_wconf 78' lang='lat' dir='ltr'><strong>Vou·</strong></span> <span class='ocrx_word' id='word_1_106' title='bbox 488 1959 513 2006; x_wconf 81' lang='grc'><strong>2.</strong></span> <span class='ocrx_word' id='word_1_107' title='bbox 530 1961 558 2006; x_wconf 84' lang='lat' dir='ltr'><strong>et</strong></span> <span class='ocrx_word' id='word_1_108' title='bbox 577 1955 619 2006; x_wconf 87' lang='lat' dir='ltr'><strong>ed.</strong></span> <span class='ocrx_word' id='word_1_109' title='bbox 636 1953 807 2006; x_wconf 79' lang='lat' dir='ltr'><strong>omnib-lt</strong></span> <span class='ocrx_word' id='word_1_110' title='bbox 825 1954 867 2005; x_wconf 84' lang='grc' dir='ltr'><strong>ΑΙ.</strong></span> <span class='ocrx_word' id='word_1_111' title='bbox 878 1954 1077 2006; x_wconf 54' lang='lat' dir='ltr'><strong>dedecoriue-18</strong></span> <span class='ocrx_word' id='word_1_112' title='bbox 1092 1975 1111 2004; x_wconf 77' lang='lat' dir='ltr'><strong>e</strong></span> <span class='ocrx_word' id='word_1_113' title='bbox 1121 1959 1144 2005; x_wconf 90' lang='lat' dir='ltr'><strong>t.</strong></span> <span class='ocrx_word' id='word_1_114' title='bbox 1154 1955 1217 2020; x_wconf 70' lang='lat' dir='ltr'><strong>eie„</strong></span> <span class='ocrx_word' id='word_1_115' title='bbox 1226 1963 1270 2006; x_wconf 78' lang='lat' dir='ltr'><strong>eet</strong></span> 
     </span>
     <span class='ocr_line' id='line_1_16' title="bbox 169 2019 1269 2082; baseline -0.001 -12"><span class='ocrx_word' id='word_1_116' title='bbox 169 2026 277 2082; x_wconf 74' lang='lat' dir='ltr'><strong>perunte.</strong></span> <span class='ocrx_word' id='word_1_117' title='bbox 309 2037 326 2068; x_wconf 79' lang='grc' dir='ltr'>κ</span> <span class='ocrx_word' id='word_1_118' title='bbox 341 2028 368 2070; x_wconf 89' lang='lat' dir='ltr'><strong>et</strong></span> <span class='ocrx_word' id='word_1_119' title='bbox 379 2019 455 2071; x_wconf 83' lang='lat' dir='ltr'><strong>Vorr.</strong></span> <span class='ocrx_word' id='word_1_120' title='bbox 467 2025 490 2070; x_wconf 89' lang='lat' dir='ltr'><strong>l.</strong></span> <span class='ocrx_word' id='word_1_121' title='bbox 505 2037 521 2070; x_wconf 80' lang='lat' dir='ltr'><strong>o</strong></span> <span class='ocrx_word' id='word_1_122' title='bbox 533 2021 623 2079; x_wconf 82' lang='lat' dir='ltr'><strong>srutre.</strong></span> <span class='ocrx_word' id='word_1_123' title='bbox 658 2021 730 2071; x_wconf 64' lang='lat' dir='ltr'><strong>Ireid.</strong></span> <span class='ocrx_word' id='word_1_124' title='bbox 748 2025 772 2070; x_wconf 90' lang='lat'><strong>1.</strong></span> <span class='ocrx_word' id='word_1_125' title='bbox 787 2035 839 2070; x_wconf 88' lang='lat' dir='ltr'><strong>non</strong></span> <span class='ocrx_word' id='word_1_126' title='bbox 856 2021 936 2070; x_wconf 86' lang='lat' dir='ltr'><strong>hebet</strong></span> <span class='ocrx_word' id='word_1_127' title='bbox 952 2035 1042 2072; x_wconf 82' lang='lat' dir='ltr'><strong>vocem</strong></span> <span class='ocrx_word' id='word_1_128' title='bbox 1052 2020 1145 2080; x_wconf 80' lang='lat' dir='ltr'><strong>fretre·</strong></span> <span class='ocrx_word' id='word_1_129' title='bbox 1177 2021 1209 2070; x_wconf 88' lang='lat' dir='ltr'><strong>ln</strong></span> <span class='ocrx_word' id='word_1_130' title='bbox 1227 2021 1269 2070; x_wconf 80' lang='lat' dir='ltr'><strong>ed.</strong></span> 
     </span>
     <span class='ocr_line' id='line_1_17' title="bbox 173 2083 1269 2151; baseline 0.005 -19"><span class='ocrx_word' id='word_1_131' title='bbox 173 2083 278 2134; x_wconf 87' lang='lat' dir='ltr'><strong>omnib.</strong></span> <span class='ocrx_word' id='word_1_132' title='bbox 290 2091 317 2134; x_wconf 81' lang='lat' dir='ltr'><strong>nt</strong></span> <span class='ocrx_word' id='word_1_133' title='bbox 327 2099 413 2148; x_wconf 71' lang='lat' dir='ltr'><strong>uper..</strong></span> <span class='ocrx_word' id='word_1_134' title='bbox 424 2090 452 2134; x_wconf 78' lang='lat' dir='ltr'><strong>et</strong></span> <span class='ocrx_word' id='word_1_135' title='bbox 461 2102 477 2135; x_wconf 80' lang='lat' dir='ltr'><strong>o</strong></span> <span class='ocrx_word' id='word_1_136' title='bbox 480 2085 549 2151; x_wconf 77' lang='lat' dir='ltr'><strong>filio,</strong></span> <span class='ocrx_word' id='word_1_137' title='bbox 557 2093 585 2136; x_wconf 81' lang='lat' dir='ltr'><strong>et</strong></span> <span class='ocrx_word' id='word_1_138' title='bbox 594 2102 610 2135; x_wconf 85' lang='lat' dir='ltr'><strong>e</strong></span> <span class='ocrx_word' id='word_1_139' title='bbox 615 2085 707 2147; x_wconf 77' lang='lat' dir='ltr'><strong>fratre,</strong></span> <span class='ocrx_word' id='word_1_140' title='bbox 717 2091 746 2135; x_wconf 81' lang='lat' dir='ltr'><strong>et</strong></span> <span class='ocrx_word' id='word_1_141' title='bbox 758 2102 774 2135; x_wconf 86' lang='lat' dir='ltr'><strong>e</strong></span> <span class='ocrx_word' id='word_1_142' title='bbox 784 2085 915 2146; x_wconf 61' lang='lat' dir='ltr'><strong>sure—lt</strong></span> <span class='ocrx_word' id='word_1_143' title='bbox 930 2103 946 2135; x_wconf 88' lang='lat' dir='ltr'><strong>rr</strong></span> <span class='ocrx_word' id='word_1_144' title='bbox 956 2103 972 2136; x_wconf 85' lang='lat' dir='ltr'><strong>e</strong></span> <span class='ocrx_word' id='word_1_145' title='bbox 982 2086 1066 2150; x_wconf 67' lang='lat' dir='ltr'><strong>priter</strong></span> <span class='ocrx_word' id='word_1_146' title='bbox 1075 2087 1136 2136; x_wconf 78' lang='lat' dir='ltr'><strong>rein.</strong></span> <span class='ocrx_word' id='word_1_147' title='bbox 1144 2085 1269 2137; x_wconf 74' lang='lat' dir='ltr'><strong>remitit:</strong></span> 
     </span>
     <span class='ocr_line' id='line_1_18' title="bbox 172 2149 1269 2215; baseline 0.002 -17"><span class='ocrx_word' id='word_1_148' title='bbox 172 2149 213 2198; x_wconf 83' lang='lat' dir='ltr'><strong>ed.</strong></span> <span class='ocrx_word' id='word_1_149' title='bbox 224 2149 329 2200; x_wconf 82' lang='lat' dir='ltr'><strong>Omnib.</strong></span> <span class='ocrx_word' id='word_1_150' title='bbox 340 2167 356 2200; x_wconf 87' lang='lat' dir='ltr'><strong>u</strong></span> <span class='ocrx_word' id='word_1_151' title='bbox 366 2151 448 2213; x_wconf 69' lang='lat' dir='ltr'><strong>quibu</strong></span> <span class='ocrx_word' id='word_1_152' title='bbox 458 2165 505 2199; x_wconf 77' lang='lat' dir='ltr'><strong>eurr</strong></span> <span class='ocrx_word' id='word_1_153' title='bbox 524 2152 723 2202; x_wconf 67' lang='lat' dir='ltr'><strong>muniat-2⁰</strong></span> <span class='ocrx_word' id='word_1_154' title='bbox 741 2152 763 2199; x_wconf 88' lang='lat' dir='ltr'>B</span> <span class='ocrx_word' id='word_1_155' title='bbox 774 2167 799 2207; x_wconf 80' lang='grc' dir='ltr'><strong>κ,</strong></span> <span class='ocrx_word' id='word_1_156' title='bbox 808 2151 869 2200; x_wconf 80' lang='lat' dir='ltr'><strong>Sub.</strong></span> <span class='ocrx_word' id='word_1_157' title='bbox 887 2149 960 2202; x_wconf 81' lang='lat' dir='ltr'><strong>beid.</strong></span> <span class='ocrx_word' id='word_1_158' title='bbox 970 2155 995 2201; x_wconf 84' lang='grc'><strong>2.</strong></span> <span class='ocrx_word' id='word_1_159' title='bbox 1006 2161 1033 2200; x_wconf 88' lang='lat' dir='ltr'><strong>et</strong></span> <span class='ocrx_word' id='word_1_160' title='bbox 1045 2152 1087 2201; x_wconf 88' lang='lat' dir='ltr'><strong>ed.</strong></span> <span class='ocrx_word' id='word_1_161' title='bbox 1099 2150 1205 2201; x_wconf 81' lang='lat' dir='ltr'><strong>Omnib.</strong></span> <span class='ocrx_word' id='word_1_162' title='bbox 1215 2152 1269 2215; x_wconf 74' lang='lat' dir='ltr'><strong>pei·</strong></span> 
     </span>
     <span class='ocr_line' id='line_1_19' title="bbox 172 2213 1268 2280; baseline 0.003 -18"><span class='ocrx_word' id='word_1_163' title='bbox 172 2213 213 2262; x_wconf 77' lang='lat' dir='ltr'><strong>ber</strong></span> <span class='ocrx_word' id='word_1_164' title='bbox 224 2213 509 2276; x_wconf 46' lang='lat' dir='ltr'><strong>benignesecerimud</strong></span> <span class='ocrx_word' id='word_1_165' title='bbox 529 2216 578 2266; x_wconf 86' lang='lat' dir='ltr'><strong>Ed.</strong></span> <span class='ocrx_word' id='word_1_166' title='bbox 588 2215 695 2267; x_wconf 83' lang='lat' dir='ltr'><strong>Omnib.</strong></span> <span class='ocrx_word' id='word_1_167' title='bbox 706 2231 764 2280; x_wconf 73' lang='lat' dir='ltr'><strong>quor</strong></span> <span class='ocrx_word' id='word_1_168' title='bbox 773 2217 903 2266; x_wconf 72' lang='lat' dir='ltr'><strong>auditune.</strong></span> <span class='ocrx_word' id='word_1_169' title='bbox 934 2217 1003 2266; x_wconf 76' lang='lat' dir='ltr'><strong>&#39;rum</strong></span> <span class='ocrx_word' id='word_1_170' title='bbox 1015 2218 1075 2266; x_wconf 76' lang='lat' dir='ltr'><strong>Sub.</strong></span> <span class='ocrx_word' id='word_1_171' title='bbox 1085 2225 1114 2266; x_wconf 83' lang='lat' dir='ltr'><strong>et</strong></span> <span class='ocrx_word' id='word_1_172' title='bbox 1124 2217 1187 2266; x_wconf 84' lang='lat' dir='ltr'><strong>Tur.</strong></span> <span class='ocrx_word' id='word_1_173' title='bbox 1195 2223 1268 2280; x_wconf 79' lang='lat' dir='ltr'><strong>pete-</strong></span> 
     </span>
     <span class='ocr_line' id='line_1_20' title="bbox 169 2280 1268 2343; baseline -0.001 -13"><span class='ocrx_word' id='word_1_174' title='bbox 169 2295 265 2330; x_wconf 73' lang='lat' dir='ltr'><strong>rentur.-</strong></span> <span class='ocrx_word' id='word_1_175' title='bbox 279 2281 354 2332; x_wconf 81' lang='lat' dir='ltr'><strong>Vorr.</strong></span> <span class='ocrx_word' id='word_1_176' title='bbox 364 2285 389 2330; x_wconf 80' lang='lat' dir='ltr'><strong>n.</strong></span> <span class='ocrx_word' id='word_1_177' title='bbox 405 2281 596 2343; x_wconf 52' lang='lat' dir='ltr'><strong>perurimur-r</strong></span> <span class='ocrx_word' id='word_1_178' title='bbox 605 2283 668 2330; x_wconf 72' lang='lat' dir='ltr'><strong>Tor.</strong></span> <span class='ocrx_word' id='word_1_179' title='bbox 684 2289 712 2331; x_wconf 87' lang='lat' dir='ltr'><strong>et</strong></span> <span class='ocrx_word' id='word_1_180' title='bbox 723 2295 813 2330; x_wconf 79' lang='lat' dir='ltr'><strong>oruuer</strong></span> <span class='ocrx_word' id='word_1_181' title='bbox 823 2282 889 2330; x_wconf 79' lang='lat' dir='ltr'><strong>Mu.</strong></span> <span class='ocrx_word' id='word_1_182' title='bbox 901 2281 1006 2331; x_wconf 83' lang='lat' dir='ltr'><strong>Oxouu.</strong></span> <span class='ocrx_word' id='word_1_183' title='bbox 1023 2297 1054 2331; x_wconf 82' lang='lat' dir='ltr'><strong>ec</strong></span> <span class='ocrx_word' id='word_1_184' title='bbox 1065 2282 1141 2331; x_wconf 85' lang='lat' dir='ltr'><strong>Voee.</strong></span> <span class='ocrx_word' id='word_1_185' title='bbox 1155 2287 1177 2330; x_wconf 92' lang='grc'><strong>1.</strong></span> <span class='ocrx_word' id='word_1_186' title='bbox 1193 2280 1268 2330; x_wconf 75' lang='lat' dir='ltr'><strong>neto.</strong></span> 
     </span>
     <span class='ocr_line' id='line_1_21' title="bbox 173 2345 1269 2409; baseline 0 -14"><span class='ocrx_word' id='word_1_187' title='bbox 173 2349 196 2395; x_wconf 89' lang='lat'><strong>1.</strong></span> <span class='ocrx_word' id='word_1_188' title='bbox 210 2350 233 2396; x_wconf 96' lang='grc'><strong>2.</strong></span> <span class='ocrx_word' id='word_1_189' title='bbox 250 2349 274 2396; x_wconf 76' lang='grc'><strong>2.</strong></span> <span class='ocrx_word' id='word_1_190' title='bbox 291 2361 348 2395; x_wconf 85' lang='lat' dir='ltr'><strong>corn</strong></span> <span class='ocrx_word' id='word_1_191' title='bbox 365 2346 440 2396; x_wconf 82' lang='lat' dir='ltr'><strong>Junt.</strong></span> <span class='ocrx_word' id='word_1_192' title='bbox 457 2347 535 2396; x_wconf 82' lang='lat' dir='ltr'><strong>Grur.</strong></span> <span class='ocrx_word' id='word_1_193' title='bbox 552 2346 623 2397; x_wconf 74' lang='lat' dir='ltr'><strong>otro.</strong></span> <span class='ocrx_word' id='word_1_194' title='bbox 641 2346 832 2397; x_wconf 62' lang='lat' dir='ltr'><strong>uren-num</strong></span> <span class='ocrx_word' id='word_1_195' title='bbox 848 2351 877 2395; x_wconf 86' lang='lat' dir='ltr'><strong>et</strong></span> <span class='ocrx_word' id='word_1_196' title='bbox 894 2345 963 2394; x_wconf 84' lang='lat' dir='ltr'><strong>Leti.</strong></span> <span class='ocrx_word' id='word_1_197' title='bbox 979 2347 1104 2409; x_wconf 59' lang='grc' dir='ltr'><strong>ἐπαίρων.</strong></span> <span class='ocrx_word' id='word_1_198' title='bbox 1122 2351 1166 2395; x_wconf 83' lang='lat' dir='ltr'><strong>ert.</strong></span> <span class='ocrx_word' id='word_1_199' title='bbox 1199 2345 1269 2395; x_wconf 81' lang='lat' dir='ltr'><strong>Dein</strong></span> 
     </span>
     <span class='ocr_line' id='line_1_22' title="bbox 173 2409 1267 2476; baseline 0 -17"><span class='ocrx_word' id='word_1_200' title='bbox 173 2409 387 2468; x_wconf 78' lang='lat' dir='ltr'><strong>ebertuteBb,</strong></span> <span class='ocrx_word' id='word_1_201' title='bbox 399 2411 477 2460; x_wconf 78' lang='lat' dir='ltr'><strong>Vorr.</strong></span> <span class='ocrx_word' id='word_1_202' title='bbox 494 2417 519 2462; x_wconf 82' lang='grc'><strong>2.</strong></span> <span class='ocrx_word' id='word_1_203' title='bbox 535 2417 564 2461; x_wconf 90' lang='lat' dir='ltr'><strong>et</strong></span> <span class='ocrx_word' id='word_1_204' title='bbox 580 2411 652 2462; x_wconf 75' lang='lat' dir='ltr'><strong>bert.</strong></span> <span class='ocrx_word' id='word_1_205' title='bbox 662 2415 688 2461; x_wconf 89' lang='grc'><strong>2.</strong></span> <span class='ocrx_word' id='word_1_206' title='bbox 722 2409 822 2462; x_wconf 70' lang='lat' dir='ltr'><strong>Contra</strong></span> <span class='ocrx_word' id='word_1_207' title='bbox 838 2409 1114 2463; x_wconf 64' lang='lat' dir='ltr'><strong>perduraremus.</strong></span> <span class='ocrx_word' id='word_1_208' title='bbox 1147 2411 1267 2476; x_wconf 83' lang='lat' dir='ltr'><strong>Denique</strong></span> 
     </span>
     <span class='ocr_line' id='line_1_23' title="bbox 172 2475 611 2541; baseline 0.014 -19"><span class='ocrx_word' id='word_1_209' title='bbox 172 2489 219 2540; x_wconf 84' lang='lat' dir='ltr'><strong>pro</strong></span> <span class='ocrx_word' id='word_1_210' title='bbox 230 2475 332 2540; x_wconf 76' lang='lat' dir='ltr'><strong>litu-tie,</strong></span> <span class='ocrx_word' id='word_1_211' title='bbox 341 2477 367 2526; x_wconf 87' lang='lat' dir='ltr'><strong>iu</strong></span> <span class='ocrx_word' id='word_1_212' title='bbox 383 2477 403 2525; x_wconf 86' lang='lat' dir='ltr'>B</span> <span class='ocrx_word' id='word_1_213' title='bbox 414 2475 495 2526; x_wconf 80' lang='lat' dir='ltr'><strong>liberie</strong></span> <span class='ocrx_word' id='word_1_214' title='bbox 506 2477 611 2541; x_wconf 74' lang='lat' dir='ltr'><strong>tegitur.</strong></span> 
     </span>
    </p>
   </div>
   <div class='ocr_carea' id='block_1_7' title="bbox 170 2633 1269 2798">
    <p class='ocr_par' dir='ltr' id='par_1_7' title="bbox 170 2633 1269 2798">
     <span class='ocr_line' id='line_1_24' title="bbox 203 2633 1269 2723; baseline -0.006 -16"><span class='ocrx_word' id='word_1_215' title='bbox 203 2665 212 2690; x_wconf 81' lang='lat'>¹</span> <span class='ocrx_word' id='word_1_216' title='bbox 229 2657 435 2723; x_wconf 65' lang='lat' dir='ltr'><strong>rau-ruem]</strong></span> <span class='ocrx_word' id='word_1_217' title='bbox 454 2633 549 2720; x_wconf 73' lang='lat' dir='ltr'><strong>iiepeti</strong></span> <span class='ocrx_word' id='word_1_218' title='bbox 563 2662 653 2720; x_wconf 86' lang='lat' dir='ltr'><strong>potert</strong></span> <span class='ocrx_word' id='word_1_219' title='bbox 664 2670 698 2706; x_wconf 79' lang='lat' dir='ltr'><strong>ex</strong></span> <span class='ocrx_word' id='word_1_220' title='bbox 739 2668 886 2720; x_wconf 79' lang='lat' dir='ltr'><strong>precemur.</strong></span> <span class='ocrx_word' id='word_1_221' title='bbox 917 2654 1019 2718; x_wconf 83' lang='lat' dir='ltr'><strong>Nolite,</strong></span> <span class='ocrx_word' id='word_1_222' title='bbox 1029 2652 1141 2719; x_wconf 81' lang='lat' dir='ltr'><strong>judicer,</strong></span> <span class='ocrx_word' id='word_1_223' title='bbox 1153 2665 1202 2716; x_wconf 87' lang='lat' dir='ltr'><strong>per</strong></span> <span class='ocrx_word' id='word_1_224' title='bbox 1210 2666 1269 2718; x_wconf 81' lang='lat' dir='ltr'><strong>ror,</strong></span> 
     </span>
     <span class='ocr_line' id='line_1_25' title="bbox 170 2729 1268 2798; baseline -0.005 -14"><span class='ocrx_word' id='word_1_225' title='bbox 170 2733 304 2784; x_wconf 81' lang='lat' dir='ltr'><strong>undecimo</strong></span> <span class='ocrx_word' id='word_1_226' title='bbox 321 2735 379 2785; x_wconf 84' lang='lat' dir='ltr'><strong>loeo</strong></span> <span class='ocrx_word' id='word_1_227' title='bbox 394 2733 528 2784; x_wconf 77' lang='lat' dir='ltr'><strong>merendre</strong></span> <span class='ocrx_word' id='word_1_228' title='bbox 543 2732 699 2798; x_wconf 71' lang='lat' dir='ltr'><strong>indignatio·</strong></span> <span class='ocrx_word' id='word_1_229' title='bbox 736 2745 787 2795; x_wconf 88' lang='lat' dir='ltr'><strong>per</strong></span> <span class='ocrx_word' id='word_1_230' title='bbox 797 2731 915 2782; x_wconf 81' lang='lat' dir='ltr'><strong>tortnuer</strong></span> <span class='ocrx_word' id='word_1_231' title='bbox 928 2742 1037 2788; x_wconf 78' lang='lat' dir='ltr'><strong>reetree,</strong></span> <span class='ocrx_word' id='word_1_232' title='bbox 1048 2745 1096 2794; x_wconf 92' lang='lat' dir='ltr'><strong>per</strong></span> <span class='ocrx_word' id='word_1_233' title='bbox 1104 2730 1210 2792; x_wconf 79' lang='lat' dir='ltr'><strong>liberor,</strong></span> <span class='ocrx_word' id='word_1_234' title='bbox 1220 2729 1268 2779; x_wconf 89' lang='lat' dir='ltr'><strong>ini·</strong></span> 
     </span>
    </p>
   </div>
   <div class='ocr_carea' id='block_1_8' title="bbox 85 2807 1269 2872">
    <p class='ocr_par' dir='ltr' id='par_1_8' title="bbox 85 2807 1269 2872">
     <span class='ocr_line' id='line_1_26' title="bbox 85 2807 1269 2872; baseline -0.003 -12"><span class='ocrx_word' id='word_1_235' title='bbox 85 2857 92 2871; x_wconf 77' lang='grc'>,</span> <span class='ocrx_word' id='word_1_236' title='bbox 171 2812 218 2863; x_wconf 86' lang='lat' dir='ltr'><strong>nir.</strong></span> <span class='ocrx_word' id='word_1_237' title='bbox 251 2810 301 2860; x_wconf 84' lang='lat' dir='ltr'><strong>Hie</strong></span> <span class='ocrx_word' id='word_1_238' title='bbox 324 2811 471 2862; x_wconf 81' lang='lat' dir='ltr'><strong>Demetrinr</strong></span> <span class='ocrx_word' id='word_1_239' title='bbox 493 2811 532 2860; x_wconf 86' lang='lat' dir='ltr'><strong>roi</strong></span> <span class='ocrx_word' id='word_1_240' title='bbox 554 2811 698 2860; x_wconf 85' lang='lat' dir='ltr'><strong>mireretto·</strong></span> <span class='ocrx_word' id='word_1_241' title='bbox 738 2807 812 2857; x_wconf 85' lang='lat' dir='ltr'><strong>micte</strong></span> <span class='ocrx_word' id='word_1_242' title='bbox 828 2807 903 2871; x_wconf 77' lang='lat' dir='ltr'><strong>nnete,</strong></span> <span class='ocrx_word' id='word_1_243' title='bbox 919 2807 958 2857; x_wconf 82' lang='lat' dir='ltr'><strong>bie</strong></span> <span class='ocrx_word' id='word_1_244' title='bbox 975 2807 1119 2872; x_wconf 77' lang='lat' dir='ltr'><strong>prerertirn</strong></span> <span class='ocrx_word' id='word_1_245' title='bbox 1138 2821 1204 2871; x_wconf 85' lang='lat' dir='ltr'><strong>quoe</strong></span> <span class='ocrx_word' id='word_1_246' title='bbox 1219 2820 1269 2870; x_wconf 70' lang='lat' dir='ltr'><strong>ego</strong></span> 
     </span>
    </p>
   </div>
   <div class='ocr_carea' id='block_1_9' title="bbox 171 2884 1268 4339">
    <p class='ocr_par' dir='ltr' id='par_1_9' title="bbox 171 2884 1268 4339">
     <span class='ocr_line' id='line_1_27' title="bbox 171 2884 1267 2952; baseline -0.004 -14"><span class='ocrx_word' id='word_1_247' title='bbox 171 2903 227 2938; x_wconf 81' lang='lat' dir='ltr'><strong>nem</strong></span> <span class='ocrx_word' id='word_1_248' title='bbox 242 2889 333 2939; x_wconf 81' lang='lat' dir='ltr'><strong>mirum</strong></span> <span class='ocrx_word' id='word_1_249' title='bbox 351 2891 376 2938; x_wconf 88' lang='lat' dir='ltr'><strong>in</strong></span> <span class='ocrx_word' id='word_1_250' title='bbox 396 2889 498 2938; x_wconf 85' lang='lat' dir='ltr'><strong>modurn</strong></span> <span class='ocrx_word' id='word_1_251' title='bbox 515 2889 625 2952; x_wconf 80' lang='lat' dir='ltr'><strong>excitet,</strong></span> <span class='ocrx_word' id='word_1_252' title='bbox 636 2888 697 2939; x_wconf 88' lang='lat' dir='ltr'><strong>dunr</strong></span> <span class='ocrx_word' id='word_1_253' title='bbox 738 2901 787 2950; x_wconf 92' lang='lat' dir='ltr'><strong>pro</strong></span> <span class='ocrx_word' id='word_1_254' title='bbox 806 2892 894 2936; x_wconf 71' lang='lat' dir='ltr'><strong>ventre</strong></span> <span class='ocrx_word' id='word_1_255' title='bbox 906 2886 990 2937; x_wconf 82' lang='lat' dir='ltr'><strong>eeiute</strong></span> <span class='ocrx_word' id='word_1_256' title='bbox 1006 2884 1118 2948; x_wconf 85' lang='lat' dir='ltr'><strong>enecepi,</strong></span> <span class='ocrx_word' id='word_1_257' title='bbox 1130 2885 1192 2933; x_wconf 84' lang='lat' dir='ltr'><strong>dere</strong></span> <span class='ocrx_word' id='word_1_258' title='bbox 1201 2884 1267 2934; x_wconf 76' lang='lat' dir='ltr'><strong>teti·</strong></span> 
     </span>
     <span class='ocr_line' id='line_1_28' title="bbox 171 2960 1267 3028; baseline -0.005 -14"><span class='ocrx_word' id='word_1_259' title='bbox 171 2963 244 3015; x_wconf 78' lang='lat' dir='ltr'><strong>iretri</strong></span> <span class='ocrx_word' id='word_1_260' title='bbox 255 2965 376 3016; x_wconf 77' lang='lat' dir='ltr'><strong>conciliet</strong></span> <span class='ocrx_word' id='word_1_261' title='bbox 386 2965 516 3016; x_wconf 84' lang='lat' dir='ltr'><strong>iuridiem.</strong></span> <span class='ocrx_word' id='word_1_262' title='bbox 738 2965 811 3021; x_wconf 79' lang='lat' dir='ltr'><strong>tium,</strong></span> <span class='ocrx_word' id='word_1_263' title='bbox 830 2963 1003 3028; x_wconf 70' lang='lat' dir='ltr'><strong>gloriantibus</strong></span> <span class='ocrx_word' id='word_1_264' title='bbox 1026 2977 1071 3013; x_wconf 80' lang='lat' dir='ltr'><strong>ror</strong></span> <span class='ocrx_word' id='word_1_265' title='bbox 1090 2961 1146 3026; x_wconf 80' lang='lat' dir='ltr'><strong>jein</strong></span> <span class='ocrx_word' id='word_1_266' title='bbox 1173 2960 1267 3011; x_wconf 83' lang='lat' dir='ltr'><strong>obtitoe</strong></span> 
     </span>
     <span class='ocr_line' id='line_1_29' title="bbox 203 3040 1267 3107; baseline 0 -17"><span class='ocrx_word' id='word_1_267' title='bbox 203 3042 276 3092; x_wconf 77' lang='lat' dir='ltr'><strong>⁸Per</strong></span> <span class='ocrx_word' id='word_1_268' title='bbox 295 3042 491 3107; x_wconf 62' lang='lat' dir='ltr'><strong>ommium]</strong></span> <span class='ocrx_word' id='word_1_269' title='bbox 508 3041 552 3094; x_wconf 78' lang='lat' dir='ltr'><strong>Itu</strong></span> <span class='ocrx_word' id='word_1_270' title='bbox 573 3041 629 3092; x_wconf 83' lang='lat' dir='ltr'><strong>Cle.</strong></span> <span class='ocrx_word' id='word_1_271' title='bbox 648 3055 698 3106; x_wconf 90' lang='lat' dir='ltr'><strong>pro</strong></span> <span class='ocrx_word' id='word_1_272' title='bbox 737 3041 800 3104; x_wconf 85' lang='lat' dir='ltr'><strong>urei,</strong></span> <span class='ocrx_word' id='word_1_273' title='bbox 813 3040 957 3105; x_wconf 78' lang='lat' dir='ltr'><strong>eetutirque</strong></span> <span class='ocrx_word' id='word_1_274' title='bbox 972 3041 1036 3104; x_wconf 73' lang='lat' dir='ltr'><strong>eju,</strong></span> <span class='ocrx_word' id='word_1_275' title='bbox 1048 3055 1064 3088; x_wconf 86' lang='lat' dir='ltr'><strong>e</strong></span> <span class='ocrx_word' id='word_1_276' title='bbox 1080 3054 1132 3103; x_wconf 76' lang='lat' dir='ltr'><strong>quo</strong></span> <span class='ocrx_word' id='word_1_277' title='bbox 1148 3053 1207 3088; x_wconf 82' lang='lat' dir='ltr'><strong>mee</strong></span> <span class='ocrx_word' id='word_1_278' title='bbox 1224 3053 1267 3090; x_wconf 75' lang='lat' dir='ltr'><strong>eu·</strong></span> 
     </span>
     <span class='ocr_line' id='line_1_30' title="bbox 171 3113 1267 3185; baseline -0.006 -14"><span class='ocrx_word' id='word_1_279' title='bbox 171 3119 258 3172; x_wconf 81' lang='lat' dir='ltr'><strong>Pteno.</strong></span> <span class='ocrx_word' id='word_1_280' title='bbox 279 3122 294 3185; x_wconf 68' lang='lat' dir='ltr'><strong>t</strong></span> <span class='ocrx_word' id='word_1_281' title='bbox 313 3125 369 3172; x_wconf 82' lang='grc'><strong>102.</strong></span> <span class='ocrx_word' id='word_1_282' title='bbox 396 3124 404 3151; x_wconf 83' lang='lat'>⁸</span> <span class='ocrx_word' id='word_1_283' title='bbox 421 3120 493 3172; x_wconf 75' lang='lat' dir='ltr'><strong>Quid</strong></span> <span class='ocrx_word' id='word_1_284' title='bbox 513 3121 581 3170; x_wconf 83' lang='lat' dir='ltr'><strong>enirn</strong></span> <span class='ocrx_word' id='word_1_285' title='bbox 604 3121 697 3183; x_wconf 81' lang='lat' dir='ltr'><strong>poerim</strong></span> <span class='ocrx_word' id='word_1_286' title='bbox 736 3118 775 3167; x_wconf 83' lang='lat' dir='ltr'><strong>tur</strong></span> <span class='ocrx_word' id='word_1_287' title='bbox 787 3124 942 3168; x_wconf 75' lang='lat' dir='ltr'><strong>contervute</strong></span> <span class='ocrx_word' id='word_1_288' title='bbox 956 3125 1006 3173; x_wconf 85' lang='lat' dir='ltr'><strong>eet,</strong></span> <span class='ocrx_word' id='word_1_289' title='bbox 1023 3116 1112 3165; x_wconf 80' lang='lat' dir='ltr'><strong>boetee</strong></span> <span class='ocrx_word' id='word_1_290' title='bbox 1129 3113 1267 3178; x_wconf 80' lang='lat' dir='ltr'><strong>extitiere,&#39;</strong></span> 
     </span>
     <span class='ocr_line' id='line_1_31' title="bbox 173 3195 786 3253; baseline -0.005 -7"><span class='ocrx_word' id='word_1_291' title='bbox 173 3197 246 3253; x_wconf 83' lang='lat' dir='ltr'><strong>eliud,</strong></span> <span class='ocrx_word' id='word_1_292' title='bbox 255 3199 303 3248; x_wconf 85' lang='lat' dir='ltr'><strong>uiri</strong></span> <span class='ocrx_word' id='word_1_293' title='bbox 316 3199 439 3248; x_wconf 82' lang='lat' dir='ltr'><strong>rnoererei</strong></span> <span class='ocrx_word' id='word_1_294' title='bbox 449 3197 498 3248; x_wconf 85' lang='lat' dir='ltr'><strong>uiri</strong></span> <span class='ocrx_word' id='word_1_295' title='bbox 510 3195 592 3247; x_wconf 84' lang='lat' dir='ltr'><strong>dere?</strong></span> <span class='ocrx_word' id='word_1_296' title='bbox 607 3197 656 3246; x_wconf 79' lang='lat' dir='ltr'><strong>uiri</strong></span> <span class='ocrx_word' id='word_1_297' title='bbox 668 3207 696 3247; x_wconf 85' lang='lat' dir='ltr'><strong>te</strong></span> <span class='ocrx_word' id='word_1_298' title='bbox 734 3197 786 3246; x_wconf 77' lang='lat' dir='ltr'><strong>dre.</strong></span> 
     </span>
     <span class='ocr_line' id='line_1_32' title="bbox 171 3269 1267 3338; baseline -0.006 -14"><span class='ocrx_word' id='word_1_299' title='bbox 171 3288 226 3324; x_wconf 79' lang='lat' dir='ltr'><strong>eun</strong></span> <span class='ocrx_word' id='word_1_300' title='bbox 237 3274 548 3338; x_wconf 82' lang='lat' dir='ltr'><strong>meer&#39;elnteeompiectii</strong></span> <span class='ocrx_word' id='word_1_301' title='bbox 580 3275 696 3324; x_wconf 85' lang='lat' dir='ltr'><strong>Setntenr</strong></span> <span class='ocrx_word' id='word_1_302' title='bbox 767 3270 1007 3335; x_wconf 66' lang='lat' dir='ltr'><strong>&#39;Quintuederimd</strong></span> <span class='ocrx_word' id='word_1_303' title='bbox 1020 3269 1267 3342; x_wconf 72' lang='lat' dir='ltr'><strong>Ururpeturtnbti·</strong></span> 
     </span>
     <span class='ocr_line' id='line_1_33' title="bbox 172 3345 1268 3416; baseline -0.002 -17"><span class='ocrx_word' id='word_1_304' title='bbox 172 3351 216 3402; x_wconf 88' lang='lat' dir='ltr'><strong>tibi</strong></span> <span class='ocrx_word' id='word_1_305' title='bbox 227 3351 303 3402; x_wconf 81' lang='lat' dir='ltr'><strong>tidem</strong></span> <span class='ocrx_word' id='word_1_306' title='bbox 313 3349 377 3402; x_wconf 86' lang='lat' dir='ltr'><strong>dere</strong></span> <span class='ocrx_word' id='word_1_307' title='bbox 390 3359 506 3416; x_wconf 77' lang='lat' dir='ltr'><strong>ponunt,</strong></span> <span class='ocrx_word' id='word_1_308' title='bbox 514 3352 558 3416; x_wconf 86' lang='lat' dir='ltr'><strong>qui</strong></span> <span class='ocrx_word' id='word_1_309' title='bbox 567 3351 628 3402; x_wconf 86' lang='lat' dir='ltr'><strong>mibi</strong></span> <span class='ocrx_word' id='word_1_310' title='bbox 639 3350 697 3400; x_wconf 88' lang='lat' dir='ltr'><strong>red·</strong></span> <span class='ocrx_word' id='word_1_311' title='bbox 736 3353 790 3402; x_wconf 84' lang='lat' dir='ltr'><strong>ton.</strong></span> <span class='ocrx_word' id='word_1_312' title='bbox 801 3352 816 3416; x_wconf 66' lang='lat' dir='ltr'><strong>t</strong></span> <span class='ocrx_word' id='word_1_313' title='bbox 827 3353 884 3400; x_wconf 85' lang='grc'><strong>102.</strong></span> <span class='ocrx_word' id='word_1_314' title='bbox 900 3347 946 3399; x_wconf 76' lang='grc'><strong>’0</strong></span> <span class='ocrx_word' id='word_1_315' title='bbox 964 3363 1005 3400; x_wconf 86' lang='lat' dir='ltr'><strong>me</strong></span> <span class='ocrx_word' id='word_1_316' title='bbox 1021 3347 1158 3397; x_wconf 70' lang='lat' dir='ltr'><strong>miserunt</strong></span> <span class='ocrx_word' id='word_1_317' title='bbox 1176 3345 1268 3397; x_wconf 89' lang='lat' dir='ltr'><strong>oint&#39;e·</strong></span> 
     </span>
     <span class='ocr_line' id='line_1_34' title="bbox 172 3424 1267 3493; baseline -0.002 -17"><span class='ocrx_word' id='word_1_318' title='bbox 172 3427 296 3478; x_wconf 86' lang='lat' dir='ltr'><strong>didernnt.</strong></span> <span class='ocrx_word' id='word_1_319' title='bbox 328 3427 697 3493; x_wconf 74' lang='lat' dir='ltr'><strong>Huoexrurgeternen,quae·</strong></span> <span class='ocrx_word' id='word_1_320' title='bbox 737 3428 828 3479; x_wconf 80' lang='lat' dir='ltr'><strong>tieem!</strong></span> <span class='ocrx_word' id='word_1_321' title='bbox 846 3440 970 3477; x_wconf 77' lang='lat' dir='ltr'><strong>revocere</strong></span> <span class='ocrx_word' id='word_1_322' title='bbox 987 3432 1017 3476; x_wconf 92' lang='lat' dir='ltr'><strong>tn</strong></span> <span class='ocrx_word' id='word_1_323' title='bbox 1036 3439 1078 3474; x_wconf 85' lang='lat' dir='ltr'><strong>nre</strong></span> <span class='ocrx_word' id='word_1_324' title='bbox 1096 3424 1122 3474; x_wconf 92' lang='lat' dir='ltr'><strong>in</strong></span> <span class='ocrx_word' id='word_1_325' title='bbox 1146 3424 1267 3488; x_wconf 78' lang='lat' dir='ltr'><strong>petrium.</strong></span> 
     </span>
     <span class='ocr_line' id='line_1_35' title="bbox 173 3498 1266 3570; baseline -0.005 -17"><span class='ocrx_word' id='word_1_326' title='bbox 173 3519 209 3564; x_wconf 88' lang='lat' dir='ltr'><strong>ro,</strong></span> <span class='ocrx_word' id='word_1_327' title='bbox 219 3504 336 3555; x_wconf 81' lang='lat' dir='ltr'><strong>retinebo</strong></span> <span class='ocrx_word' id='word_1_328' title='bbox 352 3512 380 3554; x_wconf 89' lang='lat' dir='ltr'><strong>et</strong></span> <span class='ocrx_word' id='word_1_329' title='bbox 395 3506 570 3569; x_wconf 74' lang='lat' dir='ltr'><strong>complectar:</strong></span> <span class='ocrx_word' id='word_1_330' title='bbox 588 3519 637 3554; x_wconf 87' lang='lat' dir='ltr'><strong>neo</strong></span> <span class='ocrx_word' id='word_1_331' title='bbox 655 3519 697 3556; x_wconf 84' lang='lat' dir='ltr'><strong>me</strong></span> <span class='ocrx_word' id='word_1_332' title='bbox 737 3506 814 3568; x_wconf 85' lang='lat' dir='ltr'><strong>Milo,</strong></span> <span class='ocrx_word' id='word_1_333' title='bbox 825 3504 931 3570; x_wconf 71' lang='lat' dir='ltr'><strong>potuisti</strong></span> <span class='ocrx_word' id='word_1_334' title='bbox 943 3517 991 3567; x_wconf 88' lang='lat' dir='ltr'><strong>per</strong></span> <span class='ocrx_word' id='word_1_335' title='bbox 1000 3501 1062 3551; x_wconf 84' lang='lat' dir='ltr'><strong>boe:</strong></span> <span class='ocrx_word' id='word_1_336' title='bbox 1081 3514 1130 3565; x_wconf 75' lang='lat' dir='ltr'><strong>ego</strong></span> <span class='ocrx_word' id='word_1_337' title='bbox 1145 3505 1172 3550; x_wconf 87' lang='lat' dir='ltr'><strong>te</strong></span> <span class='ocrx_word' id='word_1_338' title='bbox 1182 3498 1209 3549; x_wconf 88' lang='lat' dir='ltr'><strong>in</strong></span> <span class='ocrx_word' id='word_1_339' title='bbox 1220 3513 1266 3564; x_wconf 83' lang='lat' dir='ltr'><strong>pe-</strong></span> 
     </span>
     <span class='ocr_line' id='line_1_36' title="bbox 172 3577 1267 3646; baseline -0.004 -16"><span class='ocrx_word' id='word_1_340' title='bbox 172 3580 247 3630; x_wconf 80' lang='lat' dir='ltr'><strong>retum</strong></span> <span class='ocrx_word' id='word_1_341' title='bbox 259 3581 453 3645; x_wconf 68' lang='lat' dir='ltr'><strong>deprecatorem</strong></span> <span class='ocrx_word' id='word_1_342' title='bbox 469 3579 628 3634; x_wconf 66' lang='lat' dir='ltr'><strong>fortunarum</strong></span> <span class='ocrx_word' id='word_1_343' title='bbox 640 3588 697 3632; x_wconf 76' lang='lat' dir='ltr'><strong>tun·</strong></span> <span class='ocrx_word' id='word_1_344' title='bbox 737 3583 788 3633; x_wconf 80' lang='lat' dir='ltr'><strong>trie</strong></span> <span class='ocrx_word' id='word_1_345' title='bbox 798 3596 846 3646; x_wconf 87' lang='lat' dir='ltr'><strong>per</strong></span> <span class='ocrx_word' id='word_1_346' title='bbox 856 3579 961 3632; x_wconf 80' lang='lat' dir='ltr'><strong>eundern</strong></span> <span class='ocrx_word' id='word_1_347' title='bbox 971 3578 1085 3628; x_wconf 86' lang='lat' dir='ltr'><strong>retinere</strong></span> <span class='ocrx_word' id='word_1_348' title='bbox 1096 3590 1146 3626; x_wconf 90' lang='lat' dir='ltr'><strong>uon</strong></span> <span class='ocrx_word' id='word_1_349' title='bbox 1158 3577 1267 3640; x_wconf 79' lang='lat' dir='ltr'><strong>potero?</strong></span> 
     </span>
     <span class='ocr_line' id='line_1_37' title="bbox 173 3651 1267 3723; baseline -0.002 -17"><span class='ocrx_word' id='word_1_350' title='bbox 173 3671 233 3714; x_wconf 82' lang='lat' dir='ltr'><strong>run,</strong></span> <span class='ocrx_word' id='word_1_351' title='bbox 242 3655 288 3706; x_wconf 80' lang='lat' dir='ltr'><strong>rod</strong></span> <span class='ocrx_word' id='word_1_352' title='bbox 300 3658 421 3708; x_wconf 79' lang='lat' dir='ltr'><strong>comiteur</strong></span> <span class='ocrx_word' id='word_1_353' title='bbox 432 3658 582 3723; x_wconf 84' lang='lat' dir='ltr'><strong>eociuruqne</strong></span> <span class='ocrx_word' id='word_1_354' title='bbox 593 3657 698 3723; x_wconf 83' lang='lat' dir='ltr'><strong>profite-</strong></span> <span class='ocrx_word' id='word_1_355' title='bbox 737 3659 808 3713; x_wconf 80' lang='lat' dir='ltr'><strong>Quid</strong></span> <span class='ocrx_word' id='word_1_356' title='bbox 820 3655 983 3722; x_wconf 66' lang='lat' dir='ltr'><strong>repondebo</strong></span> <span class='ocrx_word' id='word_1_357' title='bbox 994 3654 1082 3706; x_wconf 77' lang='lat' dir='ltr'><strong>tiberii</strong></span> <span class='ocrx_word' id='word_1_358' title='bbox 1101 3651 1174 3712; x_wconf 79' lang='lat' dir='ltr'><strong>uteie,</strong></span> <span class='ocrx_word' id='word_1_359' title='bbox 1183 3652 1227 3717; x_wconf 87' lang='lat' dir='ltr'><strong>qui</strong></span> <span class='ocrx_word' id='word_1_360' title='bbox 1240 3660 1267 3704; x_wconf 82' lang='lat' dir='ltr'><strong>te</strong></span> 
     </span>
     <span class='ocr_line' id='line_1_38' title="bbox 174 3727 1267 3800; baseline -0.005 -16"><span class='ocrx_word' id='word_1_361' title='bbox 174 3733 391 3798; x_wconf 72' lang='lat' dir='ltr'><strong>bor...Nouego</strong></span> <span class='ocrx_word' id='word_1_362' title='bbox 406 3737 469 3784; x_wconf 79' lang='lat' dir='ltr'><strong>meir</strong></span> <span class='ocrx_word' id='word_1_363' title='bbox 485 3742 604 3785; x_wconf 79' lang='lat' dir='ltr'><strong>ornatum</strong></span> <span class='ocrx_word' id='word_1_364' title='bbox 620 3735 696 3786; x_wconf 85' lang='lat' dir='ltr'><strong>bene·</strong></span> <span class='ocrx_word' id='word_1_365' title='bbox 736 3736 993 3800; x_wconf 77' lang='lat' dir='ltr'><strong>pereutemetterurn</strong></span> <span class='ocrx_word' id='word_1_366' title='bbox 1008 3731 1119 3797; x_wconf 83' lang='lat' dir='ltr'><strong>putent?</strong></span> <span class='ocrx_word' id='word_1_367' title='bbox 1152 3727 1222 3782; x_wconf 80' lang='lat' dir='ltr'><strong>Quid</strong></span> <span class='ocrx_word' id='word_1_368' title='bbox 1235 3728 1267 3778; x_wconf 88' lang='lat' dir='ltr'><strong>ti-</strong></span> 
     </span>
     <span class='ocr_line' id='line_1_39' title="bbox 173 3803 1267 3876; baseline -0.005 -16"><span class='ocrx_word' id='word_1_369' title='bbox 173 3809 234 3860; x_wconf 80' lang='lat' dir='ltr'><strong>driir</strong></span> <span class='ocrx_word' id='word_1_370' title='bbox 253 3826 268 3861; x_wconf 77' lang='lat' dir='ltr'><strong>n</strong></span> <span class='ocrx_word' id='word_1_371' title='bbox 286 3809 359 3861; x_wconf 78' lang='lat' dir='ltr'><strong>vobit</strong></span> <span class='ocrx_word' id='word_1_372' title='bbox 376 3811 511 3876; x_wconf 84' lang='lat' dir='ltr'><strong>depreeor,</strong></span> <span class='ocrx_word' id='word_1_373' title='bbox 524 3811 636 3876; x_wconf 78' lang='lat' dir='ltr'><strong>judicer,</strong></span> <span class='ocrx_word' id='word_1_374' title='bbox 650 3809 696 3860; x_wconf 79' lang='lat' dir='ltr'><strong>red</strong></span> <span class='ocrx_word' id='word_1_375' title='bbox 737 3810 979 3876; x_wconf 78' lang='lat' dir='ltr'><strong>bt,Q.Freter,qnt</strong></span> <span class='ocrx_word' id='word_1_376' title='bbox 991 3803 1267 3870; x_wconf 75' lang='lat' dir='ltr'><strong>uuneubee,eoueorti</strong></span> 
     </span>
     <span class='ocr_line' id='line_1_40' title="bbox 172 3878 1266 3952; baseline -0.006 -16"><span class='ocrx_word' id='word_1_377' title='bbox 172 3887 299 3936; x_wconf 74' lang='lat' dir='ltr'><strong>corrodent</strong></span> <span class='ocrx_word' id='word_1_378' title='bbox 321 3887 411 3936; x_wconf 81' lang='lat' dir='ltr'><strong>retotie</strong></span> <span class='ocrx_word' id='word_1_379' title='bbox 432 3901 513 3943; x_wconf 71' lang='lat' dir='ltr'><strong>eree:</strong></span> <span class='ocrx_word' id='word_1_380' title='bbox 530 3901 581 3939; x_wconf 88' lang='lat' dir='ltr'><strong>uon</strong></span> <span class='ocrx_word' id='word_1_381' title='bbox 604 3888 696 3952; x_wconf 78' lang='lat' dir='ltr'><strong>optbui</strong></span> <span class='ocrx_word' id='word_1_382' title='bbox 736 3901 838 3937; x_wconf 82' lang='lat' dir='ltr'><strong>merum</strong></span> <span class='ocrx_word' id='word_1_383' title='bbox 855 3896 1000 3949; x_wconf 77' lang='lat' dir='ltr'><strong>temporum</strong></span> <span class='ocrx_word' id='word_1_384' title='bbox 1022 3878 1140 3934; x_wconf 77' lang='lat' dir='ltr'><strong>ttiornn?</strong></span> <span class='ocrx_word' id='word_1_385' title='bbox 1154 3895 1196 3930; x_wconf 82' lang='lat' dir='ltr'><strong>nie</strong></span> <span class='ocrx_word' id='word_1_386' title='bbox 1214 3893 1266 3930; x_wconf 89' lang='lat' dir='ltr'><strong>non</strong></span> 
     </span>
     <span class='ocr_line' id='line_1_41' title="bbox 172 3956 1267 4029; baseline -0.007 -16"><span class='ocrx_word' id='word_1_387' title='bbox 172 3963 304 4026; x_wconf 72' lang='lat' dir='ltr'><strong>contendo,</strong></span> <span class='ocrx_word' id='word_1_388' title='bbox 322 3979 373 4014; x_wconf 87' lang='lat' dir='ltr'><strong>non</strong></span> <span class='ocrx_word' id='word_1_389' title='bbox 391 3963 557 4027; x_wconf 78' lang='lat' dir='ltr'><strong>euotoritnte‚</strong></span> <span class='ocrx_word' id='word_1_390' title='bbox 574 3978 625 4014; x_wconf 88' lang='lat' dir='ltr'><strong>non</strong></span> <span class='ocrx_word' id='word_1_391' title='bbox 636 3978 696 4028; x_wconf 70' lang='lat' dir='ltr'><strong>gre·</strong></span> <span class='ocrx_word' id='word_1_392' title='bbox 735 3963 851 4029; x_wconf 74' lang='lat' dir='ltr'><strong>potuine</strong></span> <span class='ocrx_word' id='word_1_393' title='bbox 871 3962 979 4012; x_wconf 72' lang='lat' dir='ltr'><strong>Miloni·</strong></span> <span class='ocrx_word' id='word_1_394' title='bbox 998 3961 1109 4010; x_wconf 80' lang='lat' dir='ltr'><strong>retutern</strong></span> <span class='ocrx_word' id='word_1_395' title='bbox 1131 3956 1199 4008; x_wconf 85' lang='lat' dir='ltr'><strong>tueri</strong></span> <span class='ocrx_word' id='word_1_396' title='bbox 1218 3970 1267 4022; x_wconf 84' lang='lat' dir='ltr'><strong>per</strong></span> 
     </span>
     <span class='ocr_line' id='line_1_42' title="bbox 171 4034 1267 4105; baseline -0.01 -13"><span class='ocrx_word' id='word_1_397' title='bbox 171 4041 222 4102; x_wconf 62' lang='lat' dir='ltr'><strong>tier</strong></span> <span class='ocrx_word' id='word_1_398' title='bbox 235 4039 279 4090; x_wconf 85' lang='lat' dir='ltr'><strong>red</strong></span> <span class='ocrx_word' id='word_1_399' title='bbox 300 4039 431 4104; x_wconf 79' lang='lat' dir='ltr'><strong>preeibur,</strong></span> <span class='ocrx_word' id='word_1_400' title='bbox 443 4039 491 4089; x_wconf 83' lang='lat' dir='ltr'><strong>red</strong></span> <span class='ocrx_word' id='word_1_401' title='bbox 508 4040 638 4104; x_wconf 75' lang='lat' dir='ltr'><strong>tucryuiir,</strong></span> <span class='ocrx_word' id='word_1_402' title='bbox 648 4039 694 4091; x_wconf 88' lang='lat' dir='ltr'><strong>red</strong></span> <span class='ocrx_word' id='word_1_403' title='bbox 734 4040 849 4102; x_wconf 82' lang='lat' dir='ltr'><strong>eordorn,</strong></span> <span class='ocrx_word' id='word_1_404' title='bbox 855 4054 901 4105; x_wconf 89' lang='lat' dir='ltr'><strong>per</strong></span> <span class='ocrx_word' id='word_1_405' title='bbox 913 4051 976 4104; x_wconf 82' lang='lat' dir='ltr'><strong>quoe</strong></span> <span class='ocrx_word' id='word_1_406' title='bbox 987 4045 1103 4088; x_wconf 85' lang='lat' dir='ltr'><strong>noetrenr</strong></span> <span class='ocrx_word' id='word_1_407' title='bbox 1113 4034 1157 4086; x_wconf 87' lang='lat' dir='ltr'><strong>itte</strong></span> <span class='ocrx_word' id='word_1_408' title='bbox 1165 4047 1267 4083; x_wconf 82' lang='lat' dir='ltr'><strong>eervee·</strong></span> 
     </span>
     <span class='ocr_line' id='line_1_43' title="bbox 172 4113 1267 4181; baseline -0.005 -15"><span class='ocrx_word' id='word_1_409' title='bbox 172 4115 355 4166; x_wconf 71' lang='lat' dir='ltr'><strong>mirericordie:</strong></span> <span class='ocrx_word' id='word_1_410' title='bbox 382 4129 536 4181; x_wconf 78' lang='lat' dir='ltr'><strong>mecumque</strong></span> <span class='ocrx_word' id='word_1_411' title='bbox 557 4130 601 4165; x_wconf 81' lang='lat' dir='ltr'><strong>vor</strong></span> <span class='ocrx_word' id='word_1_412' title='bbox 620 4117 695 4168; x_wconf 79' lang='lat' dir='ltr'><strong>timui</strong></span> <span class='ocrx_word' id='word_1_413' title='bbox 734 4124 785 4168; x_wconf 86' lang='lat' dir='ltr'><strong>ret.</strong></span> <span class='ocrx_word' id='word_1_414' title='bbox 819 4117 855 4167; x_wconf 75' lang='lat' dir='ltr'><strong>At</strong></span> <span class='ocrx_word' id='word_1_415' title='bbox 870 4117 960 4180; x_wconf 73' lang='lat' dir='ltr'><strong>inqu·</strong></span> <span class='ocrx_word' id='word_1_416' title='bbox 974 4128 1052 4164; x_wconf 77' lang='lat' dir='ltr'><strong>ceute</strong></span> <span class='ocrx_word' id='word_1_417' title='bbox 1067 4128 1118 4164; x_wconf 89' lang='lat' dir='ltr'><strong>noo</strong></span> <span class='ocrx_word' id='word_1_418' title='bbox 1135 4113 1267 4177; x_wconf 78' lang='lat' dir='ltr'><strong>potuitne?</strong></span> 
     </span>
     <span class='ocr_line' id='line_1_44' title="bbox 172 4189 1266 4258; baseline -0.003 -18"><span class='ocrx_word' id='word_1_419' title='bbox 172 4192 323 4244; x_wconf 83' lang='lat' dir='ltr'><strong>rnierrrirnue</strong></span> <span class='ocrx_word' id='word_1_420' title='bbox 335 4202 361 4243; x_wconf 81' lang='lat' dir='ltr'><strong>et</strong></span> <span class='ocrx_word' id='word_1_421' title='bbox 372 4192 641 4258; x_wconf 85' lang='lat' dir='ltr'><strong>optimurobtertetur</strong></span> <span class='ocrx_word' id='word_1_422' title='bbox 651 4209 694 4256; x_wconf 84' lang='lat' dir='ltr'><strong>pn·</strong></span> <span class='ocrx_word' id='word_1_423' title='bbox 735 4208 793 4258; x_wconf 78' lang='lat' dir='ltr'><strong>quae</strong></span> <span class='ocrx_word' id='word_1_424' title='bbox 805 4202 846 4243; x_wconf 82' lang='lat' dir='ltr'><strong>ert</strong></span> <span class='ocrx_word' id='word_1_425' title='bbox 855 4199 931 4256; x_wconf 71' lang='lat' dir='ltr'><strong>grute</strong></span> <span class='ocrx_word' id='word_1_426' title='bbox 941 4191 1076 4256; x_wconf 67' lang='lat' dir='ltr'><strong>gentiborr</strong></span> <span class='ocrx_word' id='word_1_427' title='bbox 1088 4189 1204 4254; x_wconf 77' lang='lat' dir='ltr'><strong>equibur</strong></span> <span class='ocrx_word' id='word_1_428' title='bbox 1213 4203 1266 4238; x_wconf 84' lang='lat' dir='ltr'><strong>non</strong></span> 
     </span>
     <span class='ocr_line' id='line_1_45' title="bbox 173 4267 1265 4339; baseline 0.009 -21"><span class='ocrx_word' id='word_1_429' title='bbox 173 4279 235 4332; x_wconf 78' lang='lat' dir='ltr'><strong>rem,</strong></span> <span class='ocrx_word' id='word_1_430' title='bbox 245 4277 273 4320; x_wconf 88' lang='lat' dir='ltr'><strong>et</strong></span> <span class='ocrx_word' id='word_1_431' title='bbox 286 4283 335 4334; x_wconf 89' lang='lat' dir='ltr'><strong>pro</strong></span> <span class='ocrx_word' id='word_1_432' title='bbox 354 4283 406 4322; x_wconf 85' lang='lat' dir='ltr'><strong>uno</strong></span> <span class='ocrx_word' id='word_1_433' title='bbox 424 4267 478 4320; x_wconf 85' lang='lat' dir='ltr'><strong>titio</strong></span> <span class='ocrx_word' id='word_1_434' title='bbox 490 4268 542 4320; x_wconf 85' lang='lat' dir='ltr'><strong>dno</strong></span> <span class='ocrx_word' id='word_1_435' title='bbox 553 4277 641 4334; x_wconf 73' lang='lat' dir='ltr'><strong>putrer</strong></span> <span class='ocrx_word' id='word_1_436' title='bbox 650 4269 694 4322; x_wconf 91' lang='lat' dir='ltr'><strong>de·</strong></span> <span class='ocrx_word' id='word_1_437' title='bbox 735 4271 867 4336; x_wconf 81' lang='lat' dir='ltr'><strong>potoireei</strong></span> <span class='ocrx_word' id='word_1_438' title='bbox 884 4271 918 4325; x_wconf 78' lang='lat' dir='ltr'><strong>ub</strong></span> <span class='ocrx_word' id='word_1_439' title='bbox 934 4273 965 4324; x_wconf 83' lang='lat' dir='ltr'><strong>tir</strong></span> <span class='ocrx_word' id='word_1_440' title='bbox 982 4273 1026 4339; x_wconf 83' lang='lat' dir='ltr'><strong>qui</strong></span> <span class='ocrx_word' id='word_1_441' title='bbox 1037 4274 1149 4328; x_wconf 81' lang='lat' dir='ltr'><strong>mutue</strong></span> <span class='ocrx_word' id='word_1_442' title='bbox 1160 4275 1192 4326; x_wconf 85' lang='grc' dir='ltr'><strong>Ρ.</strong></span> <span class='ocrx_word' id='word_1_443' title='bbox 1205 4277 1265 4328; x_wconf 82' lang='lat' dir='ltr'><strong>cto·</strong></span> 
     </span>
    </p>
   </div>
   <div class='ocr_carea' id='block_1_10' title="bbox 0 0 1573 4959">
    <p class='ocr_par' dir='ltr' id='par_1_10' title="bbox 0 0 1573 4959">
     <span class='ocr_line' id='line_1_46' title="bbox 0 0 1573 4959; baseline 0 0"><span class='ocrx_word' id='word_1_444' title='bbox 0 0 1573 4959; x_wconf 95' lang='lat' dir='ltr'><strong> </strong></span> 
     </span>
    </p>
   </div>
  </div>
 </body>
</html>
