3134 4959
316 386 383 451 ert
707 400 746 447 rr.
768 400 804 450 r.
828 398 1032 449 orcsuorrrs

319 552 423 624 neunt
444 543 611 629 periectos
635 544 709 629 jem
736 544 887 609 homines
911 542 1121 623 indicendo,
1145 548 1182 608 et
1206 541 1444 628 perpotitos:

320 648 377 711 vet
402 653 574 713 nostrus¹⁰
595 645 813 722 decemviros,
838 649 894 730 qui
923 663 994 712 xri.
1019 647 1177 713 tubulas¹
1213 648 1441 731 perscripse-

319 758 434 828 runt,¹¹
467 768 557 833 quos
579 766 720 813 necesse
744 757 800 813 est
821 748 929 815 fuisse
950 749 1138 833 prudentes,
1159 756 1390 832 anteponant
1402 748 1439 810 in

320 851 386 917 boc
409 857 566 935 generen
587 857 621 915 et
638 850 712 916 Ser.
728 849 863 930 Gulbae,
879 857 914 917 ot
930 872 1046 917 socero
1061 850 1122 917 tun
1137 852 1176 917 C.
1192 850 1330 929 Laelio,
1347 868 1437 933 qnos

320 960 454 1037 constet
468 954 608 1021 dicendi
630 954 736 1037 gioria
749 956 965 1039 prostitisse.
1007 957 1069 1021 59.
1084 954 1277 1038 Nunquam
1299 952 1435 1017 enim¹³

319 1059 459 1140 negabo,
488 1076 565 1123 esse
594 1056 759 1141 quusdum
782 1063 869 1122 artes
889 1059 1041 1142 proprius
1067 1076 1195 1133 eornm,
1220 1059 1290 1141 qni
1317 1060 1357 1121 in
1384 1054 1437 1119 tris

321 1159 561 1242 cognoscendis
575 1167 678 1244 utque
691 1160 875 1224 tructundis
889 1160 1036 1225 studium
1053 1179 1151 1224 suurn
1174 1178 1280 1224 omne
1299 1178 1436 1242 posue·

320 1273 413 1329 runt:
437 1261 495 1327 sed
511 1266 675 1327 oruwrem
701 1260 840 1345 plenum
863 1270 964 1346 utque
987 1260 1172 1347 perfectum
1186 1280 1265 1327 esse
1281 1281 1369 1325 eum
1383 1260 1433 1323 di-

321 1384 407 1443 cam,
422 1365 481 1448 qui
495 1363 538 1429 de
552 1364 710 1429 omnibus
723 1366 822 1430 rebus
837 1367 949 1449 possit
970 1367 1060 1431 varie
1074 1365 1287 1449 copioseque
1302 1363 1431 1427 dicere.

323 1482 408 1530 xiv.
429 1466 561 1531 Etenim
574 1486 669 1552 steps
683 1467 718 1532 iu
734 1467 777 1533 iis
793 1470 915 1544 causis,
930 1488 1016 1553 ques
1037 1486 1151 1533 omnes
1171 1466 1341 1551 proprius
1357 1484 1431 1529 esse

321 1577 491 1634 oraturum
505 1569 715 1649 confitentur,
728 1578 782 1635 est
794 1572 932 1656 aliquid,
949 1572 1040 1657 qnod
1053 1590 1119 1635 non
1135 1590 1181 1635 ex
1200 1589 1271 1635 usu
1287 1569 1430 1645 sorensi,

321 1691 419 1755 quem
443 1671 551 1737 solum
575 1672 761 1738 oratoribus
786 1673 983 1753 conceditis,
1005 1673 1065 1739 ssd
1080 1693 1127 1738 ex
1141 1672 1353 1738 obscuriore
1370 1672 1429 1735 uli·

322 1794 389 1857 quu
403 1774 543 1839 scientie
557 1774 602 1839 sit
613 1774 829 1858 promendum
845 1783 946 1862 etque
956 1776 1175 1842 sumendum.¹
1219 1774 1280 1840 6⁰.
1296 1772 1429 1853 Quem

323 1878 423 1956 enirn,
440 1898 518 1941 num
533 1878 642 1962 possit
656 1884 716 1943 eut
730 1885 844 1944 contus
859 1881 1104 1965 imperatorem,
1120 1887 1183 1945 unt
1195 1898 1258 1963 pro
1272 1880 1427 1963 imperu-

323 1988 394 2045 ture
423 1979 503 2055 dici,
533 1981 608 2045 sine
632 1980 680 2045 rei
706 1981 861 2047 militaris
885 1977 978 2061 'nsu,²
1005 1991 1063 2047 ent
1091 2001 1185 2066 saepe
1213 1980 1325 2045 etiam
1356 1981 1428 2045 sine

322 2084 491 2165 regionum
506 2084 710 2149 terrestrium
725 2090 782 2149 eut
797 2086 1035 2150 maritimarum
1052 2085 1209 2150 scientiar
1231 2103 1318 2147 uum
1331 2084 1426 2167 upud

323 2187 486 2270 populum
501 2186 544 2251 de
558 2186 690 2269 iegibus
699 2187 866 2273 jubendis,
882 2197 942 2254 unt
956 2188 1130 2253 retundis:
1152 2206 1231 2251 num
1248 2182 1285 2250 in
1299 2192 1425 2251 senatu

322 2290 366 2354 de
379 2292 470 2355 omui
483 2289 678 2374 reipublicae
694 2309 813 2373 genere
826 2290 925 2375 [dici]
939 2294 949 2333 ³
972 2292 1045 2356 sine
1060 2309 1188 2355 summu
1209 2308 1327 2352 rernm
1343 2290 1426 2353 ciri·

323 2392 406 2457 lium
421 2392 623 2476 cognitione,
638 2401 671 2458 et
685 2394 880 2477 prudentia:
903 2415 983 2460 num
999 2392 1168 2459 admoveri
1185 2392 1300 2475 possit
1316 2390 1425 2457 oratio

323 2494 506 2560 adsensus
530 2496 713 2560 animorum
739 2501 837 2578 utque
859 2502 969 2561 motus
994 2495 1047 2560 vel
1071 2491 1342 2567 inflammandos,
1370 2490 1423 2555 vet

324 2600 425 2663 etiem
449 2597 701 2681 extinguendus,
722 2596 831 2683 (quud
855 2618 956 2663 unum
986 2598 1022 2662 iu
1048 2601 1180 2662 oratore
1204 2594 1423 2673 dominatuu)

781 2784 963 2807 unum

325 2886 357 2930 tt)
372 2882 476 2932 Scitote.
495 2892 523 2933 et
539 2883 611 2933 Hert.
628 2884 775 2933 norm-rr
796 2882 886 2935 Gnetf.
902 2888 926 2932 2.
948 2888 971 2934 t.
987 2884 1151 2947 scripum,-
1174 2880 1230 2932 Eri.
1246 2884 1272 2930 l.
1290 2893 1305 2928 u
1325 2894 1362 2929 m.
1380 2896 1420 2945 pr.

321 2948 576 3011 perscripserunt-lt
592 2948 636 2997 lte
650 2950 725 2998 Rern.
743 2949 812 2999 Kub.
824 2949 898 3001 Junt.
913 2950 1015 2999 Victor.
1031 2950 1117 3000 Struit·
1137 2948 1228 2999 Perre.
1255 2948 1283 2995 tn
1299 2946 1419 2997 omissum

325 3013 403 3061 estin
420 3014 475 3062 Eut.
488 3017 510 3063 1.
520 3018 546 3063 θ.
563 3012 666 3063 Verbur
686 3048 693 3063 .
711 3012 791 3065 Grtrt.
809 3024 838 3063 et
856 3014 950 3063 Peurc.
961 3018 985 3065 ὓ.
1018 3016 1093 3077 Mox,
1109 3014 1194 3065 Seruio
1205 3011 1292 3062 Getta
1309 3010 1378 3059 Bod.
1393 3020 1420 3061 et

324 3078 401 3127 Ceut.
434 3078 619 3140 SergioGultoe
636 3080 692 3129 Er.
709 3083 733 3128 2
749 3078 802 3129 Ser·
823 3080 907 3129 Gutta
925 3078 980 3131 Eri.
997 3084 1021 3129 1.
1042 3088 1070 3129 et
1086 3080 1203 3139 plurimu
1223 3076 1354 3127 edd-tu
1369 3076 1420 3126 Ner

324 3144 386 3197 enirn
402 3158 449 3193 sun
468 3144 556 3196 Onon.
567 3144 600 3194 U.
633 3144 705 3203 Mox,
721 3157 771 3194 erre
791 3160 815 3208 q.
835 3150 915 3209 penu
936 3145 991 3194 Eri.
1005 3148 1028 3194 1.
1038 3148 1063 3193 Ξ.
1075 3142 1163 3194 Gnett'.
1182 3148 1206 3194 l.
1228 3150 1255 3192 et
1279 3142 1367 3192 Oxou.
1386 3142 1418 3191 U.

327 3208 442 3269 Deinde,
452 3224 518 3261 mne
535 3212 689 3273 &pamm
709 3209 765 3260 Ert.
778 3212 802 3259 l.
812 3212 838 3259 ἢ.
854 3218 882 3260 et
894 3208 980 3260 Oxou.
998 3223 1065 3259 um
1075 3212 1240 3274 disparuerunt
1257 3206 1338 3257 Rom.
1355 3222 1418 3259 me

324 3288 393 3323 uuum
402 3280 528 3337 meremur
540 3290 605 3325 uuus
616 3290 659 3338 up.
671 3273 756 3325 Oretl.

358 3339 496 3390 crure.
525 3344 538 3389 1
556 3340 598 3390 Itu
611 3341 687 3390 Ceut.
699 3338 776 3390 Nori.
792 3338 850 3387 But.
866 3338 943 3389 dcun.
962 3338 1035 3403 Mug-
1053 3338 1123 3388 Nor.
1134 3338 1210 3401 wag.
1226 3336 1313 3387 Gonu.
1332 3336 1416 3387 itud.

326 3402 438 3455 iderti.
455 3409 479 3455 2.
496 3406 550 3455 Eri.
563 3410 587 3455 1.
596 3409 621 3453 2.
638 3404 724 3454 Ornn.
735 3404 794 3453 ΠΖ
811 3407 830 3460 β
845 3418 864 3464 γ
880 3406 894 3453 t
913 3422 934 3463 e,
946 3406 1059 3468 itemque
1077 3404 1136 3452 edd.
1154 3418 1229 3475 quern
1252 3403 1379 3467 plurime.
1393 3408 1414 3451 rt
1526 3438 1527 3441 ,

325 3471 487 3520 numum
498 3469 587 3520 Guett'.
602 3473 626 3520 ἱ.
641 3474 666 3518 8.
685 3468 759 3521 Junt.
777 3468 856 3519 (itur.
867 3476 895 3517 et
913 3470 1008 3520 Perre.
1028 3470 1054 3517 in
1066 3468 1108 3517 ed.
1126 3476 1150 3517 u.
1168 3475 1238 3531 utque
1253 3467 1415 3517 eduardus

326 3533 763 3584 Setrntr.Streb.1iurt.0rett.-2
778 3532 867 3583 Oxou.
879 3534 903 3583 U
915 3534 987 3584 detet
999 3538 1100 3584 ere—³
1117 3533 1177 3583 Hoc
1188 3532 1296 3583 uerbum
1308 3532 1380 3582 deest
1389 3532 1413 3579 in

325 3598 380 3651 Eri.
389 3602 414 3648 2.
426 3600 472 3650 red
484 3599 613 3665 reperitur
623 3601 649 3648 in
660 3597 751 3651 Guelt.
762 3602 804 3647 m
813 3604 851 3650 .t.
866 3600 919 3649 Eri.
927 3604 950 3649 1.
960 3606 988 3650 et
996 3600 1056 3649 edd.
1065 3607 1130 3649 vett.
1154 3598 1261 3649 Wetrei.
1270 3600 1411 3649 Ernertturn

521 3710 524 3716 ’
820 3736 927 3787 noun

357 3842 369 3878 t
387 3834 542 3898 Hyperiden,
548 3832 794 3898 arumnicum]
811 3834 852 3884 De
893 3834 930 3885 cir
942 3834 1012 3899 teger
1025 3840 1162 3899 petereut;
1174 3846 1236 3898 quus
1246 3840 1367 3899 acceptu
1377 3842 1409 3885 tr·

328 3910 420 3977 quibus
432 3912 457 3960 iu
469 3910 553 3961 Bruto
563 3912 577 3975 ς
586 3915 626 3961 td.
638 3919 667 3960 et
677 3914 719 3961 td.
893 3911 960 3962 buliu
968 3910 1057 3962 decem
1070 3910 1146 3960 reseis
1158 3910 1321 3975 inscripsere.
1353 3912 1408 3963 Cum

359 3997 370 4025 ¹
383 3988 546 4051 umen,
554 3987 597 4052 qui
608 3987 676 4037 ΧΗ.
687 3987 790 4050 mutus,
800 3986 854 4051 qu]
893 3978 980 4038 autern
992 3989 1018 4037 iu
1032 3987 1121 4051 primis
1132 3986 1235 4051 iegibus
1246 3986 1342 4051 etiqnid
1352 3988 1407 4039 duri·

327 4064 444 4115 Subtetis
464 4080 553 4129 regum
569 4064 692 4121 decretis,
709 4072 737 4113 et
757 4064 853 4127 pupuio
892 4063 1038 4127 deraretur,
1049 4078 1117 4113 unnu
1135 4064 1254 4129 sequenti
1276 4064 1338 4112 utin
1353 4064 1407 4115 duur

328 4158 376 4205 per
400 4142 489 4204 uiginti
512 4154 593 4190 eunus
611 4140 688 4189 unitis
707 4138 809 4203 tegibus
826 4152 853 4187 u·
893 4139 1137 4203 adjeceretubutuer
1157 4140 1225 4191 unde
1234 4148 1263 4191 et
1271 4140 1347 4191 dicte
1357 4151 1409 4192 snut

328 4222 429 4283 stricte,
443 4219 650 4269 coustitutiruut
664 4216 743 4267 Mt.
756 4218 854 4268 (itot-
893 4217 965 4281 teger
996 4229 1049 4267 ιιι.
1072 4218 1240 4269 Tabularum.
1268 4217 1407 4283 Dionysius,

329 4306 390 4349 ente
401 4298 463 4348 Cirr.
474 4300 530 4347 dtu.
542 4295 684 4346 decemviri
695 4294 740 4360 qui
750 4310 766 4345 u
777 4294 854 4346 Gru·
893 4292 992 4350 Livius,
1002 4284 1052 4343 διο.
