3134 4959
335 392 402 459 638
725 406 765 454 u.
788 406 822 455 u.
846 404 1047 455 ctonuours

337 572 411 617 esse
428 559 655 637 praeparatam
666 559 690 589 ¹¹
713 570 788 629 eos,
802 552 861 634 qui
876 550 1098 635 philosophice
1115 548 1194 615 deut
1208 570 1362 634 operum,
1379 570 1453 615 non

338 656 491 720 arbitrari
507 656 601 721 Deos
615 652 715 720 etue.l
753 670 853 718 xxx.
879 653 1071 719 Similitudo
1085 660 1198 719 nutem
1211 654 1244 717 in
1255 656 1450 720 contrariis

337 768 373 822 et
394 750 542 841 puribnu,
557 767 592 823 ct
612 758 647 823 in
664 758 705 821 iis
720 758 820 821 rebus
835 776 914 841 quee
932 758 995 821 snb
1010 756 1153 821 eandem
1164 762 1191 794 ¹²
1213 758 1346 822 cudunt
1360 759 1452 823 ruti·

336 880 446 938 onem,
461 863 607 926 maxime
622 867 804 944 spectetur.
851 860 890 925 ln
908 858 1093 937 contrariis,
1109 859 1173 923 boc
1193 860 1317 923 modo:
1347 860 1450 925 Nam

338 964 367 1026 si
390 964 446 1041 iis,
469 966 527 1048 qui
549 962 803 1047 imprudentes⁰
824 962 1024 1040 laeserunt‚¹³
1046 956 1173 1043 ignosci
1196 964 1372 1041 convenit,
1392 964 1452 1039 iis,

338 1063 397 1145 qui
418 1063 607 1127 necessario
626 1061 860 1145 profueruntfr
882 1061 994 1125 heberi
1010 1060 1182 1143 gratium¹⁵
1204 1080 1269 1125 non
1292 1068 1451 1145 oportet

337 1166 390 1229 47.
413 1166 467 1230 Ex
482 1166 568 1251 puri,
583 1167 653 1230 sic:
676 1164 712 1229 N
713 1185 768 1229 um
784 1175 824 1229 ut
837 1165 933 1229 locus
949 1164 1023 1228 sine
1039 1162 1180 1247 portu,¹⁶
1198 1164 1347 1227 nuribus
1363 1184 1452 1229 esse

338 1287 404 1332 non
428 1274 542 1351 potest
563 1276 681 1350 tutuu3
707 1270 759 1332 sic
783 1270 916 1333 unimus
937 1267 1008 1333 sine
1029 1267 1106 1337 fide,
1122 1267 1256 1332 stabilis
1279 1266 1452 1331 amicirin
1531 1318 1532 1323 ,

338 1390 405 1434 uon
428 1376 637 1455 potestesse.
682 1372 723 1436 Iu
740 1373 783 1437 iis
798 1374 901 1437 rebus
911 1370 936 1411 ¹⁸
952 1391 1028 1453 quae
1042 1371 1104 1435 sub
1118 1370 1256 1435 eundem
1270 1371 1449 1434 rationem

338 1473 469 1551 cadunt,
478 1476 542 1539 boc
554 1474 653 1539 modo
664 1475 842 1559 probabile
854 1473 1099 1541 consideratur:
1124 1472 1214 1537 Nem
1227 1474 1258 1537 si
1271 1470 1449 1537 Rbotliis‘l

339 1740 357 1769 υ
366 1725 391 1771 2.
401 1728 491 1771 curent
501 1726 650 1772 umen-ll
669 1722 692 1771 L
702 1726 754 1787 κψ,
765 1722 846 1772 Grer.
856 1720 932 1770 Votr.
945 1724 968 1770 1.
980 1719 1052 1771 Leid.
1063 1724 1086 1770 1.
1094 1724 1119 1769 ³.
1128 1724 1233 1785 peretot,
1246 1720 1322 1781 preb.
1334 1719 1413 1770 Ond.

372 1787 441 1838 Cu.
453 1801 525 1838 m.
560 1793 590 1837 rt
606 1788 636 1837 M
646 1790 801 1838 eedem-18
818 1806 837 1836 u
847 1792 871 1837 2.
882 1787 1043 1850 imprudenter
1054 1788 1228 1835 termut-14
1245 1786 1402 1845 Prosremt
1419 1788 1447 1835 in

339 1870 355 1901 ι
370 1852 454 1915 deest,
473 1853 518 1902 red
535 1854 656 1902 ucribitur
676 1855 702 1903 in
723 1856 868 1915 marg-lo
886 1850 990 1901 Oxonn.
1003 1852 1068 1899 Mur.
1078 1856 1105 1899 et
1115 1850 1184 1901 ouv.
1199 1850 1284 1900 babere
1302 1858 1374 1912 grat.
1413 1852 1446 1901 In

339 1920 412 1967 vom.
429 1922 453 1967 2.
468 1918 658 1983 aputeum-ro
673 1919 696 1968 1,
707 1920 739 1969 W
751 1922 766 1966 θ
776 1936 791 1967 κ
801 1921 827 1980 ψ,
839 1935 857 1965 o
870 1918 894 1966 1.
904 1920 930 1967 2.
940 1916 1000 1966 Scb.
1010 1916 1087 1965 Vom.
1098 1919 1121 1965 1.
1138 1916 1211 1965 beid.
1227 1920 1251 1965 2.
1263 1920 1287 1965 t.
1304 1916 1446 1966 victorin.

339 1993 366 2033 et
378 1984 439 2034 edd.
449 1994 514 2035 vett.
525 1998 583 2034 cum
593 1984 697 2034 ochum
706 1986 770 2034 locu
779 1984 806 2033 ἐκ
817 1982 878 2032 muri
889 1982 940 2031 eine
949 1984 1092 2046 portu-ll
1109 1981 1240 2043 pambus:
1257 1983 1284 2030 in
1296 1999 1316 2029 n
1326 1986 1350 2033 2.
1359 1984 1446 2032 omit·

832 2138 944 2189 NOTAE

338 2234 441 2300 quidem
458 2234 520 2300 quid
540 2235 646 2285 tandem
663 2236 699 2291 illi
717 2237 776 2286 meli
797 2250 865 2286 mort
906 2234 974 2285 eiurn
993 2233 1034 2285 bic
1060 2232 1123 2283 iacit
1146 2233 1246 2283 Tutilius
1268 2234 1446 2299 pbilosophis,

337 2311 446 2361 attulit?
463 2312 511 2361 uiti
528 2310 595 2361 ferte
610 2312 866 2377 ineptiirrctrbulir
908 2327 972 2375 quor
1000 2312 1089 2361 utbeor
1117 2309 1251 2375 probabile
1279 2324 1337 2360 erre
1365 2312 1447 2363 dicit.

299 2434 306 2447 ,
337 2388 465 2449 ducimur,
476 2398 506 2437 ut
521 2390 696 2440 existimemur
713 2390 784 2440 illum
797 2390 865 2455 opud
908 2386 1031 2438 Omnium
1059 2394 1173 2436 mentem
1202 2384 1293 2435 imbuit
1321 2386 1447 2436 Deorum

338 2464 435 2515 inseror
451 2467 579 2531 rupplicia
597 2467 725 2533 perferre,
735 2484 766 2519 rc
779 2470 866 2533 plures
907 2466 1005 2528 opinio,
1017 2464 1037 2513 ri
1049 2463 1217 2527 paucissimos
1229 2460 1366 2525 excipiam
1380 2464 1444 2527 Epi·

338 2542 392 2589 utre
403 2538 542 2591 offendieee
553 2544 679 2606 inimicos,
691 2559 766 2608 quem
776 2546 818 2594 bie
827 2558 866 2595 re·
907 2558 997 2594 eurum
1010 2545 1052 2608 qui
1072 2555 1100 2592 re
1115 2542 1227 2603 rettulit,
1244 2540 1364 2591 oratioue
1381 2543 1446 2591 reli·

337 2618 456 2683 liquirre:
477 2634 492 2667 r
504 2632 600 2683 rector,
612 2620 645 2669 rb
660 2635 777 2685 urorum,
788 2638 803 2671 a
814 2620 865 2671 iru-
907 2621 965 2686 quit
984 2620 1071 2680 Deor3
1087 2620 1255 2680 Protagoram
1271 2617 1313 2681 qui
1325 2630 1386 2665 ecre
1398 2616 1445 2666 dn·

339 2692 535 2747 trir,rliberum
544 2696 625 2757 poeuir
636 2702 723 2745 retum
734 2710 793 2746 esre
802 2712 866 2761 prae·
908 2698 1018 2761 biturit5
1030 2699 1178 2763 Diagoram,
1186 2696 1350 2745 Tlreodorum
1360 2695 1444 2759 Cyre-

337 2770 442 2833 eipitem
454 2771 480 2819 in
492 2771 679 2822 reelerutorum
690 2771 778 2824 eedem
789 2782 866 2838 utque
907 2772 1021 2837 uticum,
1038 2780 1066 2824 et
1082 2774 1146 2824 ulios
1165 2772 1276 2822 fortusse
1287 2770 1384 2821 nullius
1397 2780 1445 2820 eut

338 2848 481 2909 regionem.
497 2846 787 2906 beausobrianum
799 2849 867 2913 quod
908 2850 1011 2901 ebreuri
1029 2851 1150 2907 nominis,
1164 2850 1208 2915 qui
1220 2848 1303 2898 uullor
1314 2863 1373 2897 eure
1385 2863 1443 2897 om·

339 2936 428 2973 omnen
449 2922 606 2987 intelligunt,
630 2922 691 2988 quid
718 2924 743 2973 ei
764 2926 867 2973 undem
907 2927 968 2977 nlue
981 2934 1147 2988 putruerunt.

338 2998 410 3047 eliud
432 3012 500 3048 more
524 2998 629 3061 eripuit.
649 3006 748 3063 preter
765 3012 868 3049 rentum
938 3010 950 3036 ²
967 3003 1033 3051 Nom
1050 3004 1125 3069 εἰῶ,
1141 3005 1183 3068 qui
1198 3004 1368 3069 imprudenter,
1385 3002 1446 3065 be}

339 3074 461 3125 doloriri’
495 3074 529 3124 Et
549 3075 625 3125 Tuto.
643 3076 694 3125 Qu.
717 3076 735 3123 l.
756 3087 775 3125 1.
796 3078 869 3141 §tu
908 3076 961 3127 Hic
978 3080 1107 3129 contrarie
1123 3088 1184 3130 runt
1206 3081 1329 3145 prodesse
1348 3086 1378 3129 et
1395 3094 1442 3129 no·

340 3148 408 3198 ‘Sed
428 3160 457 3200 ut
467 3148 540 3199 Deot
553 3163 610 3199 erte
620 3158 712 3199 nature
724 3151 869 3214 opinamur,
908 3168 983 3204 cere:
998 3154 1043 3204 red
1055 3156 1110 3219 ipre
1122 3158 1261 3219 contrarie,
1272 3156 1442 3221 quemadmo-

340 3228 481 3291 qurleeque
494 3226 554 3289 tint,
565 3228 664 3278 ratione
675 3229 869 3292 cognorcim1u3
909 3230 969 3281 dunt
979 3232 1099 3282 obterunt
1111 3233 1261 3283 Victorinus
1273 3235 1299 3283 iu
1316 3235 1386 3284 huuc
1402 3236 1441 3283 le·

339 3305 377 3353 tie
384 3318 532 3367 permonere
541 3306 637 3356 culmos
646 3305 869 3356 arbitremureou-
910 3321 977 3368 eum,
993 3322 1043 3357 nou
1066 3305 1167 3358 faciunt
1184 3318 1375 3373 argumentum,
1392 3309 1443 3359 uiri

339 3394 416 3430 rento
428 3381 560 3431 notionum
571 3382 682 3433 omnium
692 3398 699 3431 ε
710 3398 762 3446 que
772 3383 798 3432 in
807 3384 869 3433 rede
909 3383 1021 3433 babeant
1037 3384 1106 3433 iuter
1122 3397 1151 3434 re
1167 3386 1278 3450 aliquem
1290 3386 1443 3437 rimilitudi·

340 3465 470 3518 inrorant,
479 3460 621 3523 quaterque
632 3459 694 3519 etot,
703 3459 806 3509 retione
817 3458 869 3509 (lis-
910 3474 967 3509 nem
979 3476 985 3509 :
997 3458 1039 3508 bic
1050 3460 1139 3523 itique
1147 3463 1289 3511 animorum
1296 3462 1441 3511 similitudo

340 3532 450 3584 centlum
471 3542 528 3583 ett:
552 3535 626 3597 cujur
645 3534 774 3597 ignoratio
793 3535 870 3586 finxit
910 3548 959 3589 ert.
977 3540 1046 3591 Nem
1059 3540 1079 3589 ri
1092 3539 1135 3590 ille
1152 3540 1334 3605 imprudenter
1343 3539 1442 3607 obfuit,

340 3611 447 3675 inseror,
465 3626 559 3678 curque
580 3612 740 3673 sormidioer,
758 3628 823 3680 quer
841 3622 869 3664 tu
909 3616 950 3666 blo
972 3614 1127 3666 uecerritrte
1147 3616 1268 3680 profuit3
1290 3628 1375 3683 neque
1395 3618 1442 3669 ille

340 3698 508 3739 contemnere
516 3705 567 3740 nou
575 3691 631 3740 eine
639 3706 716 3741 crum
727 3690 870 3742 ridebere!
910 3692 993 3743 voluit
1004 3692 1104 3755 oberte,
1116 3708 1200 3758 neque
1211 3693 1252 3744 bic
1263 3695 1346 3745 uoluit
1362 3694 1441 3757 prod-

340 3766 505 3817 Coutrerirm
532 3766 558 3815 in
583 3767 731 3831 opinionem
761 3768 870 3818 inclinet
908 3783 974 3819 erret
1007 3770 1113 3834 Erguti
1130 3770 1275 3833 ignoscitur
1292 3771 1316 3820 ei
1333 3772 1439 3835 quinon

340 3844 457 3907 Philipp.
471 3854 531 3890 xiv.
541 3843 555 3906 §
567 3846 608 3891 82·
624 3842 685 3892 ‘Illi
696 3844 777 3908 igitur
785 3844 868 3909 impii,
908 3846 1049 3903 voluntate,
1066 3845 1111 3897 red
1127 3846 1300 3911 imprurlentir
1316 3848 1400 3908 lurit;
1412 3856 1440 3897 et

340 3935 403 3985 quor
414 3919 555 3983 occiduus,
566 3919 645 3969 etiem
656 3920 690 3970 ed
707 3920 803 3973 inferet
815 3937 867 3987 por·
907 3924 945 3975 illi
958 3926 1043 3989 gratie
1061 3940 1111 3975 uon
1127 3926 1246 3977 bubende
1265 3934 1315 3983 eet,
1331 3926 1439 3992 quinon

339 4010 387 4045 nrt
404 3995 538 4059 parricidii
558 3996 647 4059 loent;
670 4013 716 4049 ror
734 4013 807 4061 vero,
825 3998 868 4062 qui
909 4002 1039 4051 voluutrte
1053 4002 1158 4066 profuit,
1171 4003 1216 4053 red
1230 4003 1398 4053 necestitate.

341 4080 485 4121 extremum
502 4071 622 4135 epiritum
640 4073 666 4123 iu
677 4076 787 4125 victorie
803 4072 868 4124 effu·
940 4076 952 4112 θ
970 4080 1035 4128 Num
1050 4078 1073 4128 ri
1091 4078 1204 4144 Rutulo]
1228 4080 1313 4129 Loeur
1331 4095 1363 4129 ex
1382 4080 1439 4129 Ari·

341 4148 424 4210 dirtir,
441 4149 542 4211 piorum
558 4149 622 4199 eetie
638 4150 726 4201 eedem
743 4158 770 4202 et
783 4151 868 4202 locum
908 4162 969 4206 etot.
983 4155 1062 4206 Rbet.
1073 4168 1104 4204 tr.
1121 4160 1162 4205 tt.
1175 4170 1324 4220 expiemur,
1338 4157 1381 4205 ubi
1394 4170 1439 4205 ne·

341 4225 493 4276 conrecuti!
907 4233 961 4283 ecio
972 4234 1029 4298 quir
1040 4232 1188 4282 Diomedon
1200 4233 1352 4295 publicanus
1363 4248 1439 4283 rccu-

374 4300 386 4333 b
403 4302 460 4351 Nou
477 4302 593 4355 arbitron
606 4306 675 4359 Dm
690 4305 751 4371 erre]
773 4306 870 4361 Conri-
908 4318 989 4375 retur,
1006 4310 1074 4375 quod
1087 4309 1245 4361 redimendi·
1256 4310 1368 4375 publicis
1380 4324 1440 4361 ree·
