3134 4959
333 416 401 485 642
722 425 763 475 rs.
784 426 818 479 a.
840 423 1044 475 crcuuortrs

334 580 378 645 de
390 592 592 659 unoquoque
605 592 722 658 genere
734 570 896 639 dcemus.
933 571 975 636 In
992 567 1192 654 prasentia⁶
1207 571 1449 635 tantummodo

334 700 505 758 numeros,
521 676 700 756 trimodus,
715 684 751 741 st
764 685 880 760 partes
894 672 1143 757 argumentandi
1157 672 1295 739 contuse
1311 681 1350 739 et
1366 693 1449 757 pcr-

335 785 464 851 mixte⁷
491 781 731 865 dispersimus:
764 786 844 863 post
868 772 1064 861 descripte⁸
1087 783 1123 840 et
1143 776 1249 840 electe
1271 776 1305 841 in
1330 794 1447 859 genus

334 886 493 971 quodque
513 903 640 959 mnam,
656 881 737 967 quid
757 882 881 964 cuique
898 878 1103 956 mevaniam
1125 896 1170 943 ex
1188 877 1252 943 bac
1269 879 1379 961 copia
1395 876 1447 941 di-

334 1008 497 1073 geremus.
1071 1036 1075 1045 .

376 1094 430 1159 bt).
452 1093 567 1177 Atque
589 1087 727 1155 inveniri
749 1086 884 1171 quidem
905 1084 1015 1151 omnis
1031 1102 1076 1149 ex
1091 1082 1144 1149 his
1158 1082 1245 1151 locis
1260 1102 1447 1165 argumen-
1526 1073 1527 1117 ³

333 1196 419 1263 tatio
441 1195 584 1279 poterit:
606 1193 776 1257 iuventam
790 1188 988 1265 exornari,¹⁰
1008 1196 1044 1251 et
1058 1192 1167 1251 certas
1183 1186 1216 1249 in
1232 1192 1353 1269 partes
1370 1185 1449 1253 dis-

333 1298 450 1380 tingui,
465 1301 499 1361 et
512 1294 749 1361 suavissimum
763 1298 827 1369 est,
842 1296 875 1355 et
894 1308 1023 1354 summe
1036 1295 1058 1325 ¹¹
1081 1288 1318 1363 necessarium,
1337 1296 1380 1353 et
1397 1289 1444 1352 ab

333 1402 417 1465 artis
439 1398 656 1482 scriptoribus
678 1395 824 1461 maxime
839 1393 1040 1475 neglectum:
1066 1409 1171 1476 quare
1186 1399 1222 1455 et
1236 1389 1278 1454 de
1292 1408 1334 1455 oa
1349 1412 1447 1475 prar-

333 1502 489 1587 ceptiune
511 1500 608 1565 nobis
623 1500 657 1563 in
671 1498 738 1563 boc
751 1496 831 1561 loco
841 1500 865 1533 ¹¹
881 1495 1058 1561 dicandum
1075 1494 1182 1559 visum
1197 1498 1257 1568 est,
1274 1500 1310 1557 nt
1324 1494 1375 1559 ad
1388 1494 1445 1561 ¹in-

332 1604 518 1670 ventionem
547 1600 767 1685 argumenti,¹⁸
797 1597 969 1664 absolutio
999 1616 1134 1682 qunque
1160 1598 1446 1679 argumentandir

332 1706 574 1789 adjungeretur.
626 1704 672 1769 Et
694 1720 815 1783 magua
838 1719 914 1766 cum
940 1719 1021 1765 cura
1031 1706 1058 1746 ¹⁴
1079 1708 1115 1763 et
1138 1698 1312 1783 diligentia
1334 1700 1446 1765 locus

331 1808 387 1875 hic
402 1810 545 1875 omnis¹⁵
560 1803 823 1871 considerandus
838 1808 898 1877 ast,
915 1801 1005 1886 quod
1021 1820 1087 1865 non
1108 1801 1218 1866 solum
1238 1800 1321 1866 rei¹⁶
1340 1821 1444 1883 mag·

331 1931 375 1979 nu
390 1913 522 1979 utilitas
537 1918 600 1987 est,
614 1909 675 1975 sed
691 1905 910 1993 praecipiaudi
923 1924 1056 1989 qnoque
1070 1924 1202 1969 summa
1216 1904 1421 1976 difficultas.

376 2026 496 2079 xxxi.
519 2015 575 2077 51.
598 2010 720 2076 Omnis
734 2010 837 2093 igitur
851 2008 1098 2091 argumentatio
1114 2015 1175 2071 aut
1190 2026 1247 2091 per
1262 2008 1441 2076 inductio·

331 2136 406 2181 nem
422 2113 593 2180 tractanda
605 2118 669 2190 est,
684 2120 743 2177 aut
757 2130 818 2194 per
833 2108 1137 2176 ratiocinationem.
1183 2110 1341 2177 Inductio
1355 2108 1363 2148 ⁵
1380 2123 1441 2177 est

331 2219 450 2295 oratio,
474 2235 552 2301 quaa
577 2215 679 2280 rebus
703 2232 768 2278 nou
789 2211 902 2278 dubiis
925 2218 1041 2299 captat
1067 2214 1292 2279 assensionem
1305 2222 1331 2263 ¹⁷
1357 2215 1439 2301 ejus

361 2408 377 2443 1
393 2399 514 2461 Persestis
523 2400 744 2464 argumentationis.

330 2640 381 2685 -b
398 2635 472 2685 Leid.
484 2639 506 2685 Ι.
517 2650 532 2683 s
543 2650 577 2685 ur.
586 2650 639 2685 see.
649 2642 677 2683 et
689 2634 748 2685 Psl.
758 2638 782 2683 2.
793 2634 1031 2698 inpresentiarum:
1048 2635 1130 2686 Gran.
1142 2634 1172 2684 la
1182 2634 1352 2699 manati-l
1371 2636 1407 2691 1..
1418 2656 1437 2685 o

332 2704 355 2750 1.
365 2704 389 2749 2.
407 2698 468 2749 Scb.
484 2699 557 2749 Laid.
573 2704 596 2750 l.
608 2704 632 2749 8.
646 2700 709 2760 coss.
727 2706 751 2749 st
766 2702 915 2763 permixtim.
949 2702 1050 2751 Desunt
1069 2706 1094 2751 et
1153 2716 1175 2748 m
1202 2702 1275 2751 voe.
1292 2704 1365 2750 2-8
1387 2703 1438 2751 Ed.

333 2766 439 2816 Omnib.
449 2770 474 2814 et
486 2768 538 2827 post
553 2764 669 2815 dimoto:
687 2765 761 2815 bein.
772 2770 797 2815 8.
807 2772 860 2827 post
877 2770 957 2815 amem
966 2767 1081 2817 discreta:
1099 2716 1158 2815 ὥς.
1168 2766 1244 2815 Voss.
1252 2770 1277 2815 2.
1290 2765 1362 2815 Laid.
1372 2771 1401 2817 2.
1412 2770 1438 2817 8.

331 2831 460 2895 dssaipte:
472 2830 501 2879 Μ
513 2847 528 2879 s
538 2833 565 2892 ψ.
574 2830 650 2882 Jont.
660 2829 738 2880 (lant.
752 2838 780 2879 st
791 2830 985 2881 Gran-Barm-
999 2836 1053 2893 post
1063 2829 1177 2881 discrete:
1194 2848 1213 2880 a
1223 2834 1247 2879 2.
1256 2835 1310 2894 post
1322 2832 1437 2881 dbcrcta

332 2910 353 2943 s.
363 2896 478 2944 duma:
493 2894 516 2942 B
537 2896 557 2942 1.
568 2894 601 2944 W
611 2898 634 2955 θ,
645 2913 663 2943 a
674 2900 698 2946 1.
709 2896 789 2945 Grau.
803 2896 870 2945 Pall.
888 2899 909 2943 1.
922 2900 946 2945 t.
964 2899 988 2945 2.
1002 2896 1062 2945 Tur.
1075 2896 1179 2945 Scbuta.
1190 2895 1299 2946 Wetarl.
1309 2904 1338 2945 et
1349 2896 1437 2946 Oceli.

330 2963 384 3022 psat
395 2959 570 3021 decerpta-s
590 2959 652 3009 Lw
664 2963 678 3009 t
688 2978 713 3021 κ,
732 2978 750 3008 ss
760 2964 783 3009 l.
795 2963 820 3009 2.
840 2960 897 3022 qaid
914 2960 1038 3023 armatque
1055 2963 1193 3011 coarniat:
1210 2962 1313 3009 Sclruta.
1332 2976 1348 3010 c
1364 2962 1438 3025 conj.

330 3024 393 3089 quoa
403 3024 487 3087 otiose
496 3024 695 3074 comat-ro
712 3023 785 3074 Laid.
795 3026 819 3072 2.
830 3024 940 3075 bream:
957 3025 1030 3075 beta.
1048 3029 1073 3075 8.
1090 3024 1209 3075 tamtan
1223 3031 1317 3075 nstra:
1332 3036 1361 3074 et
1370 3026 1435 3077 Scir.

331 3089 484 3138 orsam-ll
505 3088 578 3137 Laid.
589 3095 614 3139 8.
622 3094 648 3139 st
660 3090 752 3155 quiden
763 3103 831 3139 snas.
846 3096 891 3146 est.
902 3095 926 3139 st
938 3091 1033 3153 quidest
1044 3094 1206 3140 samara-42
1224 3090 1244 3139 Β
1258 3091 1279 3139 L
1290 3090 1319 3139 Μ
1331 3092 1363 3139 W
1379 3096 1395 3140 a
1411 3109 1437 3151 ι,

332 3152 391 3203 Psl.
401 3158 424 3204 1.
435 3158 460 3203 2.
478 3162 506 3203 et
517 3156 629 3219 quinque
645 3156 711 3205 Mss.
723 3155 794 3207 Oud.
805 3168 864 3203 curu:
875 3156 938 3205 Tur.
953 3154 1026 3207 Jrrnt.
1037 3161 1063 3204 rt
1074 3154 1116 3205 sd.
1131 3154 1235 3205 Omnib.
1246 3159 1270 3204 et
1280 3158 1306 3205 ia
1316 3156 1435 3207 loeloes:

331 3238 350 3267 a
363 3224 385 3270 l.
397 3220 424 3267 ia
434 3220 483 3269 laco
491 3219 542 3268 laos.
575 3221 641 3269 Turn
652 3222 727 3271 absa
737 3220 862 3269 omittunt
874 3219 914 3276 M,
923 3219 981 3271 Pal.
991 3225 1015 3270 t.
1025 3220 1107 3271 Grec.
1117 3219 1195 3270 crui.
1208 3220 1280 3271 Oliv.
1290 3230 1316 3269 et
1329 3220 1435 3271 Gru.-

333 3285 424 3335 Borru.
460 3285 491 3335 ln
504 3286 584 3336 Grec.
593 3287 688 3336 sidetes
697 3286 836 3336 dicendam:
848 3285 881 3333 W
892 3289 931 3335 ts
942 3286 1046 3349 primos
1055 3292 1101 3348 est,
1110 3294 1137 3335 et
1150 3287 1172 3335 B
1185 3286 1207 3336 l.
1218 3291 1253 3335 est
1265 3287 1436 3343 :amomis-

333 3364 362 3397 so
372 3350 510 3399 diamant:
521 3370 540 3400 a
553 3356 575 3399 l.
584 3356 608 3403 2.
625 3351 682 3401 Pal.
695 3354 717 3400 1.
728 3354 753 3401 2.
764 3366 852 3400 omnss
862 3352 926 3401 Mas.
937 3350 1007 3402 Ond.
1019 3358 1047 3399 et
1057 3350 1116 3401 edd.
1128 3366 1167 3415 pr.
1179 3364 1238 3401 cunr
1253 3352 1314 3400 Lali.
1326 3352 1436 3402 Sobata.

332 3414 580 3493 Wctzcl.·st·0rsll3
592 3417 713 3493 dicandas:
724 3415 801 3465 uisam
819 3420 864 3492 est,
882 3416 921 3465 val
933 3416 980 3465 dic.
992 3422 1027 3463 est
1042 3416 1126 3465 oium.
1159 3415 1231 3465 0od.
1248 3416 1316 3493 cpnj.
1327 3418 1435 3467 Cicero·

330 3493 393 3596 :a
402 3493 536 3595 :aaa
547 3482 783 3594 onan:
796 3478 1330 3635 isac..
1340 3482 1436 3597 c:-

329 3610 684 3725 {astralabii
698 3611 751 3724 l:
760 3610 1434 3739 atat·.¹.·.t⁰t:.?.;¹.:.⁶·t:a:·::::ffiz

332 3744 357 3789 2.
367 3740 447 3790 solum
459 3740 538 3791 babet
554 3746 581 3789 st
591 3741 623 3789 ad
633 3741 685 3789 ias.
695 3742 877 3801 argsmtandi
892 3738 990 3803 odjum
1017 3740 1097 3790 Grcv.
1115 3742 1250 3801 argumenti
1265 3740 1382 3791 absolutis
1392 3745 1433 3791 arl-

323 3802 398 3868 ἰῆς.
429 3806 532 3856 Sobora.
541 3804 647 3855 amiato
657 3819 747 3869 qnoque
757 3806 820 3856 ratio
829 3804 993 3866 atissa-lt
1010 3805 1070 3855 Scb.
1081 3819 1148 3870 carn,
1159 3807 1215 3856 sins
1226 3810 1353 3856 carn-lb
1371 3808 1394 3857 Ι.
1406 3815 1432 3856 at

333 3870 408 3921 Laid.
418 3873 443 3921 t.
455 3885 506 3922 non
517 3870 613 3921 babent
624 3870 671 3927 tric,
682 3884 730 3921 nec
740 3872 912 3921 amam-lo
928 3871 989 3921 Tur.
1000 3872 1036 3920 rei
1046 3872 1128 3921 mlum.

829 4000 935 4052 Now

367 4096 574 4160 ¹1sdactio]Est
594 4098 784 4163 argumentatio
802 4113 861 4163 qum
902 4098 1110 4149 annosissimam?
1121 4104 1185 4163 poto
1203 4098 1271 4164 qood
1289 4099 1430 4162 optimum:

331 4187 366 4222 ax
394 4175 510 4236 pluribus
533 4175 714 4225 collationibus
741 4174 862 4238 parvenit
902 4176 1039 4243 araqunr?
1058 4176 1301 4242 qrrisslocirslutns·
1333 4177 1430 4227 lrabe-

333 4262 385 4311 quo
396 4250 516 4300 intendit.
549 4251 744 4301 Quintiliana.
760 4252 861 4302 ibbo:
902 4252 1007 4314 minum,
1029 4265 1080 4303 non
1097 4253 1140 4317 qni
1161 4251 1281 4302 claritate
1298 4251 1437 4314 manenda·

328 4322 410 4376 aliast
422 4326 569 4390 exemplum
580 4344 587 4378 :
600 4328 691 4380 ‘Quod
703 4341 805 4393 pomam
818 4342 862 4393 gs·
902 4332 948 4383 ssd
959 4330 1003 4395 qni
1015 4329 1112 4381 virtuts
1123 4328 1232 4378 marim:
1242 4327 1373 4378 acrites!
